2462 4186
1204 452 1271 501 59

609 715 731 783 Cap.
770 715 853 767 56.
901 715 1211 783 Numquam
1244 714 1379 779 filios
1419 731 1535 765 suos
1569 714 1759 781 populo
1801 715 2171 766 commendavit

670 822 732 871 ut
769 836 869 871 uon
909 819 1161 870 adiceret:
1201 815 1259 870 Si
1297 817 1642 869 merebuntur.
1684 817 1898 870 Eisdem
1928 823 2170 886 praetem·

671 923 794 974 tatis
850 922 1021 974 adhuc
1078 924 1431 973 assurrectum
1481 921 1546 973 ab
1585 921 1840 973 universis
1880 922 1938 973 iu
1977 921 2174 974 theatro

671 1031 718 1077 et
754 1044 788 1077 a
825 1025 1080 1077 stantibus
1110 1024 1375 1093 plausum,
1409 1025 1713 1091 yravissime
1752 1029 1966 1094 questus
2005 1029 2091 1077 est.

377 1241 575 1293 Omnes
633 1246 923 1309 assurgunt
979 1245 1300 1310 spectatores
1357 1244 1415 1291 ut
1465 1241 1720 1308 principis
1758 1239 1883 1291 filiis
1925 1240 2174 1308 plausum

305 1345 444 1397 dent.
496 1345 603 1397 Res
656 1350 735 1397 est
786 1346 1078 1413 notissima,
1124 1347 1280 1397 cuius
1318 1346 1422 1396 iam
1466 1345 1786 1396 mentionem
1826 1343 1952 1396 fecit
1993 1343 2175 1396 Cicero

304 1451 359 1501 in
398 1450 657 1518 Epistulis
696 1451 777 1502 ad·
800 1451 1058 1517 Atticum,
1097 1449 1209 1501 Lib.
1249 1449 1319 1516 II,
1359 1466 1468 1518 cap.
1516 1450 1599 1517 19,
1638 1449 1730 1501 ubi
1770 1453 1975 1501 narrat:
2017 1449 2175 1516 „Cae-

307 1572 392 1607 sar
433 1572 601 1623 quum
644 1557 877 1608 venisset
917 1560 1126 1606 mortuo
1165 1555 1374 1623 plausu,
1415 1554 1573 1606 Curio
1606 1554 1751 1607 filius
1785 1560 1864 1607 est
1884 1556 2176 1608 insecutus,

306 1659 450 1712 Huic
507 1661 581 1711 ita
618 1661 867 1729 plausum
907 1665 1001 1727 est,
1041 1665 1114 1727 ut,
1155 1660 1302 1712 salva
1341 1675 1397 1712 re
1435 1659 1663 1727 publica,
1703 1659 1955 1728 Pompeio
1995 1660 2176 1728 plaudi

307 1763 572 1830 solebat'';
613 1768 665 1817 et
703 1763 784 1817 De
823 1765 1089 1832 Amicitia,
1129 1765 1160 1831 ξ
1202 1766 1287 1831 24,
1327 1764 1421 1816 ubi
1458 1764 1715 1832 legimus:
1765 1763 2009 1831 „Stantes
2030 1765 2178 1833 plau-

309 1870 503 1922 debant
541 1871 598 1921 in
636 1886 695 1922 re
732 1869 881 1921 ficta:
925 1870 1055 1938 quid
1094 1869 1415 1921 arbitramur
1454 1871 1509 1920 in
1538 1885 1658 1922 vera
1677 1869 1912 1921 facturos
1932 1869 2101 1922 fuisse
2117 1869 2178 1921 ?''

308 1976 518 2028 Stantes
569 1991 694 2044 ergo
734 1976 979 2050 plausum
1024 1975 1163 2026 dant.
1206 1973 1309 2026 Sed
1348 1974 1430 2026 bis
1469 1975 1606 2026 hanc
1644 1990 1756 2027 rem
1800 1974 1954 2027 nobis
1995 1980 2176 2027 narrat

308 2081 364 2131 in
415 2096 525 2131 una
577 2079 838 2131 sententia
890 2077 1193 2130 Suetonius.
1246 2077 1614 2129 Assurrectum
1652 2077 1715 2129 ab
1751 2078 2015 2130 universis
2055 2082 2107 2130 et
2146 2095 2180 2129 a

307 2182 567 2235 stantibus
607 2183 870 2251 plausum,
912 2182 1054 2250 quod
1093 2183 1347 2234 nimirum
1388 2182 1507 2234 luce
1547 2183 1742 2235 clarius
1777 2188 1869 2235 est.
1894 2181 1999 2245 Qui
2019 2182 2181 2234 semel

310 2293 722 2340 assurrexerunt
779 2304 886 2339 non
943 2288 1049 2340 iam
1109 2287 1296 2340 sedent
1348 2292 1399 2340 et
1450 2292 1729 2356 postquam
1771 2292 2182 2340 assurrexerunt

310 2392 542 2444 universi
599 2392 747 2444 nullo
808 2392 964 2444 modo
1018 2391 1134 2444 fieri
1179 2393 1352 2460 potuit
1392 2396 1452 2444 ut
1488 2391 1615 2444 filiis
1655 2393 1890 2461 Augusti
1930 2393 2181 2461 plaudere

308 2501 527 2566 possent
565 2497 828 2549 sedentes.

385 2600 503 2664 Qua
561 2602 626 2654 de
683 2618 845 2655 causa
902 2603 1145 2671 suspicor
1196 2602 1314 2655 leve
1364 2603 1552 2654 vitium
1606 2603 1769 2655 latere
1808 2604 1864 2654 in
1906 2602 2179 2654 vocabulis

311 2723 347 2758 a
384 2705 657 2774 stantibuS,
693 2708 1002 2775 praesertim
1046 2706 1188 2775 quod
1224 2706 1484 2758 vocabula
1516 2707 1606 2758 illa
1639 2723 1747 2758 non
1767 2708 1973 2775 integra
1994 2707 2184 2775 legun-

313 2816 400 2862 tur
449 2812 507 2861 in
558 2811 832 2862 nonnullis
883 2810 1157 2862 codicibus
1198 2816 1249 2863 et
1288 2812 1666 2863 vetustissimis
1707 2810 2048 2878 editionibUS,
2091 2810 2184 2862 ubi

312 2916 645 2967 invenimus:
686 2891 1365 2983 astantibussPraepositio
1406 2914 1516 2965 illic
1555 2914 1791 2966 adhaesit
1827 2913 2006 2981 verbe,
2041 2915 2184 2966 unde

314 3019 629 3071 concludere
667 3019 837 3071 audeo
880 3019 1004 3070 olim
1049 3035 1218 3070 unum
1259 3018 1628 3070 tantummodo
1662 3017 1982 3070 vocabulum
2005 3018 2182 3069 locum

316 3122 555 3174 tenuisse
606 3123 776 3173 nostri
828 3138 862 3172 a
912 3121 1189 3190 stantibuS,
1228 3138 1326 3174 nec
1365 3122 1458 3173 diu
1500 3121 1864 3190 quaerendum
1906 3124 1986 3173 est
2028 3120 2183 3189 quale

316 3226 477 3279 fuerit
531 3227 630 3278 hoc
671 3225 1003 3307 vocabulum.
1046 3226 1371 3279 Gravissime
1412 3230 1635 3295 questus
1676 3230 1754 3278 est
1793 3227 2078 3294 Augustus
2120 3226 2184 3278 de

319 3332 500 3383 nimiis
540 3330 846 3398 honoribus,
887 3330 1084 3399 quibus
1122 3331 1217 3382 filii
1258 3332 1342 3383 sui
1376 3348 1405 3382 a
1440 3332 1635 3399 populo
1652 3331 2007 3398 afficerentur,
2025 3335 2185 3398 atque

318 3434 514 3486 idcirco
566 3433 788 3486 verbum
829 3435 1113 3503 legendum
1152 3439 1280 3503 puto
1320 3436 1476 3487 cuius
1516 3451 1706 3487 sensus
1747 3436 1972 3487 maiores
2013 3434 2187 3486 adhuc

323 3538 508 3590 reddat
546 3553 635 3590 eos
674 3538 912 3591 honores.
