2462 4186
1258 403 1325 453 22

347 577 609 627 sermonis
647 577 849 627 vitium.
893 574 1048 637 Quod
1089 577 1323 644 primum
1366 581 1548 628 nostra
1587 576 1800 628 demum
1829 581 1999 628 aetate
2022 578 2232 629 monuit

349 679 667 747 Madvigius,
708 681 816 747 qui,
856 680 1031 731 locum
1074 684 1318 731 nostrum
1353 685 1587 731 tractans
1623 681 1699 731 sic
1732 684 1952 732 annotat
1983 680 2233 748 (Advers.

350 784 471 835 Crit.
513 783 580 835 II.
622 801 668 852 p.
712 785 818 835 573
859 788 1013 850 not.):
1062 800 1270 852 „neque
1310 785 1450 835 enim
1493 784 1557 835 de
1597 785 1672 836 rei
1710 783 1877 836 factae
1917 784 2230 837 condicione

350 896 473 941 ante
513 890 728 958 impleta
768 891 967 942 rectius
1007 889 1193 941 Latine
1234 890 1428 941 dicitur
1466 905 1574 941 non
1613 887 1734 957 feeit
1772 889 1880 940 nisi
1915 894 2034 940 ante
2064 888 2230 954 explo-

349 997 517 1045 rasset
547 997 659 1062 (pro
694 1010 755 1046 eo
779 995 922 1063 quod
943 1000 1051 1047 est:
1075 1011 1180 1046 non
1205 1025 1270 1031 -
1294 998 1592 1063 antequam,
1616 999 1708 1046 aut
1726 1010 2016 1063 numquam
2041 1025 2100 1031 —-
2131 994 2234 1045 nisi

350 1098 616 1167 explorato
677 1100 760 1151 vel
818 1100 925 1151 nisi
969 1103 1366 1166 perscrutatus),
1411 1115 1572 1167 quam
1615 1100 1661 1150 si
1702 1098 2017 1151 Germanice
2057 1099 2229 1151 dicas:

352 1202 437 1254 Er
487 1202 599 1255 that
637 1220 690 1255 es
728 1203 871 1256 nieht
911 1205 995 1268 (de
1035 1220 1092 1256 re
1134 1221 1242 1255 una
1281 1203 1437 1271 facta)
1480 1219 1629 1255 wenn
1668 1220 1723 1254 er
1761 1202 1904 1255 nieht
1943 1233 2012 1240 —
2053 1207 2233 1256 unter-

349 1308 496 1360 sueht
533 1308 687 1360 hatte.
730 1309 833 1361 Sed
875 1311 1131 1377 quoniam
1176 1308 1427 1360 mendum
1463 1313 1542 1360 est
1578 1310 1736 1360 etiam
1771 1309 1827 1359 in
1858 1324 1953 1372 per
1986 1325 2054 1375 se,
2089 1309 2235 1376 quod

351 1420 402 1466 et
462 1415 683 1466 historia
718 1414 1006 1465 -convincit
1046 1419 1097 1465 et
1136 1412 1392 1480 loquendi
1435 1428 1567 1463 usus
1610 1412 1753 1478 (nam
1796 1412 1902 1477 ipse
1942 1412 2231 1464 dicendum

354 1522 500 1588 erat),
560 1516 736 1586 neque
794 1519 1049 1570 correctio
1109 1517 1397 1586 probabilis
1455 1518 1703 1584 suppetit,
1763 1517 1941 1567 locum
1995 1522 2235 1569 notatum

353 1622 890 1693 praetermittamus.''
930 1622 1092 1675 Recte
1132 1638 1256 1690 ergo
1293 1638 1390 1673 nos
1425 1621 1606 1673 docuit
1639 1622 1885 1690 princeps
1918 1621 2008 1672 ille
2030 1622 2235 1673 critico.-

354 1743 475 1778 rum
551 1744 658 1779 non
725 1727 898 1779 solum
965 1727 1226 1779 vocabula
1272 1743 1374 1794 per
1431 1742 1484 1778 se
1542 1726 1634 1778 sed
1693 1731 1855 1777 totam
1917 1727 2239 1777 sententiam

354 1849 514 1901 prave
572 1834 816 1885 traditam
878 1849 1007 1885 esse.
1063 1832 1192 1884 Post
1243 1838 1419 1884 autem
1464 1830 1794 1899 Madvigium
1837 1831 1976 1882 alius
2017 1845 2237 1898 quoque

354 1939 673 2007 philologuS,
732 1941 928 1992 summi
988 1939 1206 2006 ingenii,
1264 1911 1520 1989 Polakius
1581 1938 1645 1988 de
1703 1937 1818 1988 loco
1880 1941 2062 1987 nostro
2120 1935 2239 1987 fuse

356 2043 608 2096 disseruit
664 2045 721 2095 in
781 2044 973 2112 libelle,
1027 2059 1185 2112 quem
1238 2044 1344 2094 iam
1397 2058 1560 2110 supra
1612 2043 1784 2093 citavi.
1838 2040 2058 2093 Summo
2113 2056 2238 2092 acu-

359 2150 503 2202 mine
541 2150 720 2201 locum
761 2151 818 2200 in
858 2150 1124 2218 integrum
1167 2150 1448 2201 restituere
1481 2148 1716 2200 tentavit.
1758 2146 2074 2199 Suetonium
2096 2146 2237 2197 enim

361 2257 639 2324 scripsisse
685 2256 936 2307 coniecit:
979 2229 1143 2323 neque
1184 2255 1239 2305 in
1279 2253 1623 2306 Britanniam
1662 2253 1949 2305 transvexit
1980 2252 2087 2303 nisi
2123 2257 2242 2304 ante

357 2378 453 2431 per
503 2360 811 2413 Volusenum
849 2360 1105 2429 portubus
1143 2365 1189 2412 et
1227 2360 1561 2428 naviyatione
1598 2365 1645 2411 et
1683 2375 1887 2411 accessu
1920 2358 1994 2410 ad
2010 2357 2239 2410 insulam

361 2465 695 2536 explorati8.''

433 2572 643 2625 Nomen
684 2573 959 2641 proprium
1003 2570 1061 2623 Gr.
1103 2571 1367 2624 Voluseni
1407 2572 1675 2624 revocavit
1715 2587 1783 2624 ex
1822 2569 2063 2623 Caesaris
2085 2568 2237 2622 Com·

364 2681 638 2732 mentariis
696 2678 827 2746 (Lib.
887 2677 981 2745 IV,
1041 2695 1081 2729 c.
1137 2679 1243 2745 21),
1287 2678 1378 2730 ubi
1418 2678 1481 2730 de
1522 2679 1620 2729 hac
1659 2694 1716 2730 re
1755 2678 1830 2729 ita
1868 2677 2125 2746 legimus:
2166 2674 2240 2728 ad

360 2789 485 2841 haec
523 2786 886 2855 cognoscenda,
915 2785 1075 2854 prius
1115 2767 1272 2854 quam
1309 2784 1602 2853 perieulum
1637 2783 1847 2853 faceret,
1867 2782 2110 2834 idoneum
2131 2799 2238 2834 esse

362 2895 656 2948 arbitratus
716 2892 779 2946 G.
851 2890 1165 2945 Volusenum
1205 2907 1318 2942 eum
1357 2890 1483 2942 navi
1514 2890 1670 2957 lonya
1707 2888 2010 2959 praemittit.
2044 2887 2242 2941 Portus

363 3002 501 3054 tradi
559 3001 797 3069 potuisse
857 3003 952 3067 p'ro
1002 2996 1254 3066 portubus
1307 3002 1359 3049 et
1398 2997 1731 3048 accusativos
1771 2995 2156 3064 naviyationem
2193 2999 2239 3046 et

363 3123 623 3160 aceessum
681 3122 772 3174 pro
825 3104 1071 3171 ablativo,
1125 3105 1302 3172 quivis
1356 3103 1602 3155 lubenter
1640 3101 1769 3154 Viro
1810 3102 1932 3154 clar.
1972 3101 2238 3154 concedet.

361 3213 607 3265 Formam
672 3211 986 3279 empturas-set
1044 3211 1121 3262 sic
1177 3209 1436 3278 explicat:
1496 3207 1822 3275 „Exaratum
1884 3211 1998 3259 erat
2050 3206 2238 3258 calami

360 3320 515 3388 lapsu
564 3317 846 3387 emplorasit
899 3333 993 3386 pro
1045 3316 1341 3385 eoeploratis,
1396 3319 1693 3380 correctum
1746 3317 1826 3365 est
1871 3313 1936 3365 de
1976 3327 2137 3379 more,
2179 3315 2240 3364 ut

362 3425 562 3477 vulnus
612 3424 763 3476 fieret
814 3420 1219 3475 insanabilius.''
1276 3421 1402 3474 Sine
1454 3419 1617 3472 dubio
1672 3420 1977 3471 coniectura
2027 3416 2241 3469 Polakii

367 3547 575 3582 summa
633 3529 981 3581 admiratione
1039 3528 1201 3597 digna
1259 3531 1352 3594 est,
1412 3543 1534 3577 nam
1588 3524 1788 3577 bonum
1836 3538 2240 3595 sensum-nunc
