2462 4186
1264 382 1331 431 32

349 555 586 623 scripsit:
641 554 932 622 approbata
970 555 1030 606 ei.
1071 554 1144 606 Ut
1186 555 1285 606 hoc
1324 570 1613 623 pronomen
1652 557 2092 625 interpretaretur
2130 573 2220 610 su-

348 660 623 727 praposuit
668 660 929 727 glossator
970 660 1185 728 quidam
1226 660 1494 728 avuncule,
1534 662 1689 714 cuius
1731 661 2053 715 substantivi
2094 679 2215 732 pars

349 764 537 815 ultima
577 764 629 815 in
674 768 879 815 textum
920 765 1132 832 irrepsit
1172 770 1222 816 et
1262 766 1339 816 sic
1379 737 1540 833 prave
1581 766 1773 818 tradita
1814 771 1907 818 est.
1940 767 2085 819 Talia
2121 783 2228 819 non

350 868 511 921 semel
553 868 644 920 sed
686 870 898 937 saepius
937 869 1074 921 facta
1117 886 1247 936 esse,
1288 886 1395 921 uno
1438 871 1683 939 exemplo
1725 872 2016 939 ostendam,
2052 876 2228 924 sumto

349 991 418 1027 ex
457 974 591 1026 libro
631 974 749 1026 Viri
791 973 924 1026 Clar.
964 975 1035 1042 Tj.
1078 975 1430 1028 Halbertsma.
1466 975 1688 1044 Legitur
1722 978 1862 1028 enim
1899 978 1954 1028 in
1993 977 2231 1046 Augusti

350 1082 491 1132 vitae
543 1081 714 1148 capite
754 1081 852 1131 87:
897 1079 1052 1132 Ponit
1091 1081 1297 1133 assidue
1335 1086 1382 1132 et
1417 1097 1515 1149 pro
1554 1081 1710 1133 stulto
1756 1081 2046 1148 „baceolum
2087 1082 2234 1151 apud

349 1186 553 1254 pullum
590 1185 979 1254 pulleiaceum’',
1019 1190 1066 1238 eb
1102 1203 1199 1255 pro
1231 1188 1418 1239 cerrito
1459 1188 1872 1255 ‚,vacerr0sum”‚
1906 1194 1953 1240 et
1979 1188 2232 1258 „vapide”

351 1309 405 1342 se
462 1290 647 1343 habere
694 1308 791 1359 pro
841 1292 992 1361 male,
1045 1296 1093 1343 et
1138 1292 1426 1358 „betizare”
1463 1309 1561 1361 pro
1601 1292 1866 1361 lanquere,
1908 1294 2047 1363 quod
2084 1295 2235 1364 vulqo

359 1395 759 1462 „laehauieare”
818 1397 1012 1449 dieitur
1044 1414 1085 1450 e.
1120 1414 1165 1466 q.
1199 1415 1237 1448 s.
1293 1397 1410 1449 Hoc
1464 1415 1681 1467 quoque
1716 1399 1831 1450 loco
1873 1401 2035 1451 simili
2078 1401 2234 1452 modo
2284 1406 2289 1411 ’

355 1501 576 1553 verbum
618 1501 867 1570 lanquere
903 1504 958 1554 in
1000 1507 1207 1555 textum
1250 1504 1477 1571 irrepsit.

429 1606 651 1676 Scripsit
692 1609 944 1660 nimirum
988 1612 1199 1660 auctor:
1241 1624 1338 1677 pro
1375 1624 1445 1676 ee,
1484 1608 1621 1677 quod
1651 1607 1800 1676 vulyo
1837 1608 2232 1675 „lachanizare”

354 1714 566 1768 dieitur.
628 1714 889 1767 Videmus
949 1731 1073 1782 ergo
1134 1713 1378 1766 Suetonii
1429 1720 1599 1767 aetate
1640 1715 1863 1767 verbum
1906 1714 2239 1767 Zachariizare

356 1821 408 1871 in
453 1837 553 1872 usu
595 1819 776 1887 fuisse,
818 1820 911 1872 sed
953 1820 1305 1871 nihilominus
1345 1819 1498 1871 facile
1536 1819 1652 1872 fieri
1693 1821 1880 1889 potuit,
1921 1825 1979 1871 ut
2014 1818 2235 1871 verbum

358 1926 457 1976 hoc
496 1925 772 1977 insolitum
808 1926 1090 1994 glossatori
1124 1926 1287 1977 alicui
1321 1925 1603 1976 obscurius
1639 1925 1923 1991 videretur,
1959 1926 2050 1994 qui
2083 1942 2237 1995 prop·

359 2037 501 2084 terea
540 2033 919 2101 suprascripsit
958 2031 1181 2083 verbum
1224 2031 1598 2100 quotidianum
1635 2029 1897 2098 lanquere.
1934 2030 2021 2083 Sic
2055 2036 2238 2084 nostro

360 2153 576 2206 quoque
615 2137 730 2188 loco
771 2137 902 2188 mihi
940 2136 1084 2206 fingo
1124 2137 1392 2205 glossema
1433 2134 1690 2187 avuueulo
1728 2137 1782 2187 in
1825 2139 2031 2188 textum
2074 2137 2238 2205 irrep-

362 2246 513 2312 sisse,
553 2244 716 2312 idque
760 2243 1081 2295 mutilatum.
1995 2236 1998 2240 ’

436 2351 540 2403 Pro
580 2351 678 2403 cito
718 2366 842 2419 ergo
882 2350 1164 2419 legendum
1207 2320 1336 2418 puto
1376 2348 1433 2400 ei.

665 2576 792 2647 Cap.
836 2578 917 2629 10.
959 2576 1146 2629 Priore
1185 2576 1303 2643 (die)
1342 2576 1609 2629 Antonius
1639 2576 1835 2645 fuyisse
1867 2593 1981 2628 eum
2015 2575 2242 2644 (Auyus-

731 2685 860 2750 tum)
918 2683 1098 2736 scribit
1153 2701 1215 2735 ae
1271 2683 1386 2734 sirie
1433 2681 1803 2747 paludamento
1853 2699 2079 2751 equoque
2122 2685 2245 2750 post

737 2788 950 2841 biduum
990 2788 1195 2840 demum
1234 2787 1541 2855 apparuisse
1578 2804 1616 2839 e.
1638 2804 1686 2856 q.
1709 2803 1747 2838 s.

441 2988 725 3056 Augustus
765 3002 859 3054 pro
901 2988 1141 3054 praetore
1179 2985 1441 3037 exercitui
1481 2988 1690 3052 praeest
1730 2987 1782 3036 et
1820 3000 1942 3037 cum
1985 2983 2162 3036 Hirtio
2195 2988 2247 3037 et

365 3093 540 3144 Pansa
593 3106 746 3159 opem
799 3090 900 3142 fert
939 3088 1003 3141 D.
1046 3089 1212 3141 Bruto
1254 3090 1512 3141 adversus
1552 3088 1623 3142 M.
1666 3089 1979 3141 Antonium.
2019 3088 2246 3142 Duobus

365 3197 579 3266 proeliis
621 3195 817 3247 bellum
860 3194 1165 3247 Mutinense
1207 3193 1509 3246 confectum
1550 3197 1642 3245 est.
1681 3192 1799 3244 Hoc
1831 3197 2068 3262 tempore
2090 3194 2246 3250 nimi·

369 3320 488 3355 rum
542 3301 612 3353 M.
662 3301 936 3352 Antonius
988 3299 1367 3351 acerbissimus
1411 3298 1515 3350 fuit
1554 3298 1719 3350 hostis
1759 3298 1994 3367 Augusti
2033 3303 2086 3351 et
2123 3315 2246 3351 cum

369 3408 484 3475 ipse
542 3405 815 3456 Antonius
874 3403 1030 3455 nobis
1088 3405 1157 3455 sit
1215 3407 1400 3454 auctor
1458 3403 1632 3470 priore
1684 3402 1883 3470 proelio
1936 3403 2244 3471 Augustum

372 3512 601 3579 turpiter
635 3509 852 3577 fugisse,
893 3508 1034 3559 haud
1076 3507 1429 3559 dubitandum
1466 3511 1546 3558 est
1579 3507 1707 3574 quin
1744 3507 2016 3559 Antonius
2039 3508 2103 3559 de
2122 3507 2250 3576 fuga
