2462 4186
1264 398 1332 448 58

357 583 541 618 verum
585 572 666 620 est
704 585 776 620 an
815 569 920 621 dici
959 587 1116 639 posse
1157 589 1252 640 pro
1294 589 1485 640 armon,
1525 573 1838 640 sequiturne
1877 589 1946 625 ex
1986 590 2046 625 ea
2085 589 2143 626 re
2161 591 2233 626 an

352 687 572 739 prorsus
611 672 750 725 idem
793 674 969 727 valere
1007 679 1168 744 atque
1205 677 1428 728 annon?
1473 676 1727 729 Mimime.
1768 676 1982 729 Habent
2021 681 2072 730 et
2093 693 2229 730 sem-

357 791 449 843 per
507 775 780 829 habebunt
818 779 994 830 varias
1035 779 1467 848 significationes,
1507 798 1668 849 quam
1709 780 1775 832 ob
1818 797 2033 834 causam
2074 781 2232 834 credo

356 896 460 931 non
501 881 720 934 licuisse
760 881 1016 935 Suetonio
1058 884 1288 938 scribere
1326 902 1400 937 an
1440 902 1534 954 pro
1575 902 1772 938 armon.

427 986 710 1054 Augustus
749 989 1101 1058 interrogavit
1139 989 1437 1043 Labeonem
1480 995 1531 1043 et
1571 991 1721 1059 dixit,
1761 995 1880 1042 aut:
1917 988 2122 1044 Suntne
2140 990 2253 1044 alii·

354 1093 618 1162 diyniores
631 1091 671 1154 ,9,
711 1098 830 1146 aut:
873 1094 1074 1148 Nonne*
1100 1099 1225 1148 sunt
1261 1096 1356 1148 alii
1393 1096 1655 1166 diqniores
1667 1094 1709 1164 ,9,
1748 1112 1885 1165 quae
1905 1096 2231 1165 permultum

353 1199 491 1250 inter
530 1214 588 1251 se
628 1199 891 1252 differunt.
934 1200 990 1253 Si
1030 1202 1313 1270 Augustus
1354 1202 1518 1254 dixit:
1567 1205 1686 1269 „An
1728 1206 1856 1255 sunt
1895 1203 1986 1254 alii
2028 1203 2233 1271 dignio-

354 1303 516 1356 res''?
556 1305 757 1358 ironice
797 1306 1013 1359 locutus
1055 1312 1135 1360 est
1168 1312 1219 1360 et
1253 1309 1370 1360 eius
1403 1307 1567 1361 verba
1586 1308 1726 1361 idem
1749 1307 2054 1377 significant
2075 1312 2235 1377 atque

352 1408 424 1475 id,
482 1410 626 1478 quod
686 1411 762 1462 sic
822 1427 916 1479 per
966 1392 1267 1465 irrisionem
1320 1413 1607 1465 dicendum
1663 1417 1771 1466 est:
1831 1411 2077 1480 „Scilicet
2125 1429 2234 1465 non

355 1519 483 1567 sunt
539 1516 629 1567 alii
690 1516 1024 1585 digniores'';
1083 1518 1193 1571 vel:
1254 1518 1340 1586 „Is
1380 1520 1523 1571 enim
1565 1518 1809 1571 videlicet
1848 1534 1974 1587 prae
2014 1519 2236 1572 caeteris

357 1620 554 1689 dignus
593 1620 710 1689 fuit,
753 1637 911 1690 quem
953 1622 1208 1691 legereS.''
1249 1623 1306 1676 Si
1345 1627 1521 1676 tamen
1562 1624 1799 1692 rogavit:
1847 1621 2072 1689 „Nonne
2110 1625 2238 1675 sunt

355 1725 443 1776 alii
487 1725 757 1794 digniores
773 1726 850 1794 ?'',
888 1727 1143 1780 insolenti
1187 1728 1417 1796 quadam
1455 1727 1707 1798 superbia
1738 1727 1950 1780 locutus
1973 1731 2065 1780 est.
2087 1726 2237 1780 Inest

356 1831 464 1883 illis
502 1833 558 1882 in
601 1832 778 1885 verbis
820 1850 1011 1902 magna
1052 1834 1328 1901 acerbitaS,
1371 1850 1508 1902 quae
1550 1835 1672 1885 viva
1706 1833 2072 1885 tantummodo
2107 1848 2238 1886 voce

357 1938 586 2006 exprimi
625 1943 808 2006 potest.
851 1938 1012 1991 Haud
1054 1939 1216 1992 dubie
1256 1944 1483 2008 utraque
1522 1939 1886 2008 interrogandi
1906 1940 2040 1990 ratio
2062 1942 2236 1991 osten-

357 2042 432 2095 dit
490 2044 745 2111 principis
806 2045 954 2111 iram,
1007 2044 1100 2096 sed
1154 2046 1317 2097 variis
1357 2044 1547 2113 modiS,
1585 2046 1699 2096 sive
1738 2044 1956 2112 ironice,
1994 2045 2107 2096 sive
2147 2060 2237 2096 su-

355 2147 514 2216 perbe
555 2153 606 2200 et
645 2165 836 2201 amare.
874 2149 1197 2219 Eligendum
1237 2152 1406 2220 igitur
1446 2150 1600 2203 nobis
1635 2155 1729 2219 est,
1765 2155 1944 2228 utrum
1971 2150 2237 2217 malimuS,

359 2257 543 2305 utrum
585 2255 880 2307 credamus.

433 2358 538 2410 Pro
594 2364 738 2412 certo
791 2359 959 2412 habeo
1002 2377 1109 2412 non
1152 2361 1430 2429 scripsisse
1470 2365 1736 2413 auctorem
1778 2377 1849 2413 an
1890 2376 1984 2429 pro
2025 2376 2235 2426 annom

358 2465 556 2533 optime
615 2467 664 2517 ei
723 2469 910 2518 notum
971 2471 1051 2518 est
1110 2466 1396 2519 discrimen
1437 2467 1577 2519 inter
1616 2466 1749 2519 duas
1789 2467 1885 2519 has
1923 2466 2236 2518 locutiones.

359 2569 473 2638 Ego
513 2574 692 2622 autem
735 2571 891 2624 credo
931 2572 1245 2640 Augustum
1287 2573 1588 2640 rogavisse:
1630 2570 1820 2623 Nonne
1857 2576 1982 2623 sunt
2014 2570 2110 2623 alii
2128 2571 2240 2639 diq-

359 2673 571 2727 niores?
610 2675 782 2744 Magis
823 2676 910 2727 hic
950 2676 1130 2728 locum
1172 2692 1288 2728 esse
1322 2675 1613 2743 acerbitati,
1648 2675 2053 2744 superbiaeque,
2075 2693 2238 2744 quam

357 2780 559 2832 ironiae
611 2797 929 2849 persuasum
977 2782 1158 2834 habeo,
1196 2782 1366 2834 Audit
1406 2783 1654 2851 princeps
1696 2798 1891 2834 nomen
1933 2783 2139 2834 inimici
2179 2799 2239 2835 ac

360 2886 538 2936 statim
581 2888 778 2938 evomit
815 2888 966 2940 iram.
1010 2886 1196 2939 Subito
1238 2902 1465 2955 surgens
1505 2886 1696 2938 clamat
1736 2885 1897 2939 verba
1917 2903 2110 2954 amara,
2130 2903 2239 2939 non

361 2992 571 3060 cogitat,
620 3008 728 3043 non
786 2991 989 3044 urbane
1029 2991 1123 3044 sed
1162 2990 1603 3059 indignabundus
1643 2991 1896 3059 loquitur.
1936 2989 2240 3044 Restituen-

363 3098 482 3149 dam
524 3113 649 3165 ergo
691 3113 881 3150 censeo
921 3098 1203 3150 lectionem
1243 3113 1317 3149 cm
1356 3112 1477 3148 non.

438 3201 543 3264 Qui
583 3206 761 3254 autem
800 3207 991 3271 putant
1030 3203 1341 3271 Augustum
1382 3202 1583 3253 ironice
1625 3199 1783 3253 verba
1822 3200 2028 3268 fecisse,
2065 3201 2103 3252 ii
2136 3201 2240 3253 lec-

365 3308 561 3360 tionem
618 3324 692 3359 cm
742 3309 968 3360 retinere
1019 3307 1229 3375 debent,
1267 3308 1359 3360 sed
1400 3307 1543 3359 haud
1585 3305 1746 3358 dubie
1786 3310 1967 3358 textus
2009 3306 2241 3359 traditus

364 3413 619 3481 explicari
678 3413 996 3482 defendique
1055 3431 1162 3466 non
1222 3418 1395 3482 potest
1453 3417 1724 3481 tamquam
1768 3413 2072 3482 exemplum
2113 3412 2239 3480 styli

365 3516 620 3569 Suetonio
660 3519 874 3586 proprii.
