2462 4186
1216 389 1286 439 24

312 579 480 615 cessus
522 578 644 615 vero
684 578 744 614 ea
785 562 915 627 loca,
953 560 1043 613 ubi
1083 563 1453 614 tantummodo
1493 566 1686 614 natura
1724 562 2031 615 facultatem
2063 562 2189 614 fecit

312 668 597 721 accedendi
653 668 709 718 in
767 666 1015 719 insulam.
1074 666 1236 719 Nunc
1288 671 1481 734 tamen,
1533 682 1780 735 accessuS,
1832 668 1888 718 in
1929 666 2190 734 singulari

313 775 559 842 scriptuS,
598 771 731 823 nihil
773 771 920 823 aliud
961 771 1077 823 vult
1117 788 1275 839 quam
1317 776 1527 837 portus3
1562 773 1856 840 generatim
1897 773 1974 825 sic
2014 771 2190 824 dictus

306 882 386 930 est
444 881 494 929 et
554 876 818 945 significat
878 892 1062 928 omnes
1120 879 1319 942 portem,
1372 881 1467 928 aut
1520 880 1727 943 natura,
1779 880 1874 928 aut
1914 875 2190 927 hominum

309 982 491 1034 labore
553 980 931 1049 navigantibus
990 979 1208 1033 oblatos.
1268 980 1362 1033 Bis
1414 996 1540 1049 ergo
1591 981 1648 1031 in
1701 980 1884 1032 eadem
1925 981 2189 1032 sententia

311 1086 532 1139 eandem
573 1101 685 1138 rem
728 1086 1028 1137 nominaret
1068 1084 1556 1153 SuetoniuS‚·quod
1592 1086 1685 1136 vix
1721 1084 1934 1137 credere
1955 1100 2191 1153 possum.

314 1190 431 1253 Qua
472 1191 536 1244 de
576 1208 737 1243 causa
776 1207 1092 1259 persuasum
1137 1191 1303 1244 habeo
1346 1192 1485 1244 alius
1518 1193 1730 1260 generis
1764 1192 1956 1243 vitium
1979 1191 2196 1245 haerere

311 1297 367 1347 in
410 1297 674 1348 sententia
712 1300 910 1363 nostra,
950 1295 1161 1364 aliaque
1205 1297 1290 1347 via
1332 1272 1690 1364 quaerendam
1726 1311 1843 1348 esse
1875 1295 2193 1348 emendandi

310 1400 584 1451 rationem.
626 1397 775 1451 Duas
815 1403 995 1451 autem
1028 1399 1183 1451 credo
1218 1400 1509 1452 sententias
1531 1400 1823 1468 permixtas
1846 1415 1978 1467 esse,
1998 1400 2192 1452 vitium

311 1503 765 1571 antiquissimum,
820 1504 1074 1571 quoniam
1123 1519 1308 1556 omnes
1349 1504 1557 1556 codices
1599 1503 1819 1556 eandem
1859 1504 2194 1557 tradiderunt

312 1609 626 1673 lectionem3
667 1608 720 1659 id
764 1613 870 1660 est:
914 1609 1284 1661 remotissimis
1319 1600 1648 1678 temporibus
1680 1609 1990 1678 glossatoris
2026 1611 2197 1680 expli-

311 1714 447 1765 catio
509 1713 592 1766 vel
652 1714 923 1765 annotatio
985 1715 1043 1764 in
1102 1717 1310 1766 textum
1364 1715 1577 1784 irrepsit
1617 1719 1668 1767 et
1709 1731 1831 1767 cum
1876 1731 2001 1768 vero
2041 1719 2195 1768 textu

309 1820 362 1870 in
409 1835 569 1870 unam
613 1821 930 1871 sententiam
973 1820 1184 1872 coaluit.
1224 1820 1310 1871 Ad
1352 1820 1489 1872 hanc
1529 1820 1833 1888 opinionem
1871 1835 1956 1872 me
1990 1820 2198 1872 ducunt

322 1924 579 1977 vocabula
608 1941 708 1993 per
744 1941 812 1991 se,
855 1940 992 1993 quae
1032 1925 1162 1976 mihi
1203 1925 1455 1978 videntur
1488 1925 1747 1993 reliquiae
1781 1925 2011 1978 alicuius
2033 1925 2196 1979 verbi.

321 2028 443 2081 Non
503 2030 644 2082 enim
697 2029 854 2081 credo
905 2034 1129 2082 aetatem
1182 2031 1374 2083 tulisse
1412 2031 1614 2083 litteras
1654 2047 1681 2082 s
1717 2048 1744 2083 e
1784 2031 1876 2083 sed
1914 2047 1940 2083 s
1977 2048 2019 2099 c,
2060 2048 2198 2100 quae

323 2150 443 2185 cum
492 2150 595 2201 per
647 2137 775 2186 sunt
826 2134 1027 2202 priores
1067 2134 1271 2187 litterae
1313 2134 1461 2187 verbi
1496 2135 1838 2200 perscrutari.
1878 2135 1996 2187 Hoc
2036 2136 2197 2189 verbo

327 2255 483 2292 usum
541 2239 708 2292 fuisse
767 2238 1084 2292 Suetonium
1144 2256 1238 2309 pro
1292 2245 1434 2292 certo
1487 2240 1669 2306 habe0,
1718 2245 1879 2309 atque
1918 2243 2084 2310 igitur
2123 2242 2199 2294 sic

251 2323 256 2327 ἢ
323 2359 444 2396 eum
500 2345 778 2413 scripsisse
826 2345 1077 2396 coniicio:
1119 2344 1224 2396 nisi
1254 2348 1621 2410 perscrutatus
1658 2350 1705 2397 et
1742 2345 2119 2413 naviyationem
2152 2350 2199 2398 et

318 2465 573 2501 accessum
643 2448 716 2501 ad
785 2449 1033 2512 insulam,
1105 2451 1192 2501 cui
1252 2451 1514 2502 sententia
1574 2455 1757 2520 postea
1818 2451 2196 2519 suprascripsit

323 2555 489 2607 altera
559 2571 781 2607 manus:
854 2559 1138 2625 antequam
1202 2559 1388 2621 portus
1457 2555 1789 2623 emplorasset,
1850 2571 1988 2623 quae
2044 2555 2199 2608 facile

324 2677 447 2712 cum
501 2660 969 2729 praecedentibus:
1024 2677 1185 2727 neque
1231 2661 1290 2713 in
1340 2660 1693 2713 Britanniam
1744 2661 2034 2713 transvexit
2072 2677 2196 2713 con-

323 2766 477 2834 iungi
528 2770 766 2834 possunt.
820 2765 907 2818 Sic
962 2766 1232 2818 meliorem
1286 2782 1384 2819 nos
1437 2766 1629 2819 habere
1681 2767 1997 2819 sententiam
2053 2771 2197 2836 puto,

324 2869 484 2922 Nunc
543 2872 685 2923 enim
745 2886 988 2923 caremus
1048 2871 1148 2923 hoc
1209 2886 1424 2939 quoque
1475 2870 1754 2937 vocabu10,
1807 2870 1950 2939 quod
1990 2886 2199 2939 semper

329 2992 412 3028 me
464 2975 727 3029 offendere
780 2981 976 3045 perget,
1027 2976 1276 3029 adverbio
1316 2980 1451 3039 ante,
1494 2977 1636 3045 quod
1685 2993 1903 3045 prorsus
1943 2992 2202 3046 superva-

327 3099 489 3134 cuum
528 3086 621 3149 est,
661 3098 785 3134 nam
828 3081 1106 3135 Gaesarem
1141 3082 1559 3150 explorationem
1593 3082 1887 3135 faciendam
1925 3084 2200 3135 curavisse

327 3190 612 3255 antequam
672 3188 772 3238 iter
822 3186 1031 3253 faceret,
1084 3186 1202 3239 luce
1260 3187 1458 3239 clarius
1511 3192 1604 3254 est,
1657 3191 1818 3256 atque
1870 3189 1916 3240 si
1954 3189 2073 3240 iure
2113 3188 2200 3240 hic

325 3291 556 3359 positum
609 3295 762 3358 esset,
818 3290 1208 3343 desideraretur
1250 3307 1465 3359 quoque
1503 3292 1643 3343 inter
1681 3292 1786 3343 nisi
1823 3296 1874 3344 et
1912 3308 2197 3362 perspecu-

325 3396 479 3448 latus.
533 3395 725 3448 Varias
778 3397 874 3448 has
926 3396 992 3448 ob
1047 3413 1235 3449 causas
1290 3413 1414 3466 ergo
1469 3413 1659 3450 censeo
1713 3397 1973 3450 emblema
2010 3413 2039 3450 e
2078 3413 2198 3450 sen-

324 3502 492 3553 tentia
546 3504 725 3553 nostra
777 3500 1074 3552 tollendum
1128 3517 1259 3568 esse,
1299 3517 1524 3570 eamque
1568 3503 1645 3554 sic
1685 3494 1990 3570 legendam}
2033 3518 2199 3571 neque
