<?xml version="1.0" encoding="UTF-8"?>
<!DOCTYPE html PUBLIC "-//W3C//DTD XHTML 1.0 Transitional//EN"
    "http://www.w3.org/TR/xhtml1/DTD/xhtml1-transitional.dtd">
<html xmlns="http://www.w3.org/1999/xhtml" xml:lang="en" lang="en">
 <head>
  <title>
</title>
<meta http-equiv="Content-Type" content="text/html;charset=utf-8" />
  <meta name='ocr-system' content='tesseract 3.04.00' />
  <meta name='ocr-capabilities' content='ocr_page ocr_carea ocr_par ocr_line ocrx_word'/>
</head>
<body>
  <div class='ocr_page' id='page_1' title='image "./spicilegiumcriti00koopuoft_0015.png"; bbox 0 0 2462 4186; ppageno 0'>
   <div class='ocr_carea' id='block_1_1' title="bbox 1160 465 1191 515">
    <p class='ocr_par' dir='ltr' id='par_1_1' title="bbox 1160 465 1191 515">
     <span class='ocr_line' id='line_1_1' title="bbox 1160 465 1191 515; baseline 0 0"><span class='ocrx_word' id='word_1_1' title='bbox 1160 465 1191 515; x_wconf 89' lang='lat'><strong>3</strong></span> 
     </span>
    </p>
   </div>
   <div class='ocr_carea' id='block_1_2' title="bbox 236 640 2129 3642">
    <p class='ocr_par' dir='ltr' id='par_1_2' title="bbox 236 640 2111 1130">
     <span class='ocr_line' id='line_1_2' title="bbox 237 640 2109 708; baseline 0.001 -16"><span class='ocrx_word' id='word_1_2' title='bbox 237 645 329 706; x_wconf 86' lang='lat' dir='ltr'>est,</span> <span class='ocrx_word' id='word_1_3' title='bbox 384 641 466 692; x_wconf 90' lang='lat' dir='ltr'>vel</span> <span class='ocrx_word' id='word_1_4' title='bbox 518 641 584 692; x_wconf 89' lang='lat' dir='ltr'>ad</span> <span class='ocrx_word' id='word_1_5' title='bbox 637 640 966 708; x_wconf 88' lang='lat' dir='ltr'>recipiendas</span> <span class='ocrx_word' id='word_1_6' title='bbox 1019 640 1272 692; x_wconf 86' lang='lat' dir='ltr'>lectiones</span> <span class='ocrx_word' id='word_1_7' title='bbox 1322 640 1582 692; x_wconf 89' lang='lat' dir='ltr'>librorum</span> <span class='ocrx_word' id='word_1_8' title='bbox 1623 641 1897 693; x_wconf 86' lang='lat' dir='ltr'>deterioris</span> <span class='ocrx_word' id='word_1_9' title='bbox 1940 645 2109 708; x_wconf 88' lang='lat' dir='ltr'>notae,</span> 
     </span>
     <span class='ocr_line' id='line_1_3' title="bbox 239 745 2110 814; baseline 0.001 -17"><span class='ocrx_word' id='word_1_10' title='bbox 239 763 464 814; x_wconf 88' lang='lat' dir='ltr'>quarum</span> <span class='ocrx_word' id='word_1_11' title='bbox 507 745 708 797; x_wconf 89' lang='lat' dir='ltr'>nullam</span> <span class='ocrx_word' id='word_1_12' title='bbox 751 745 935 797; x_wconf 87' lang='lat' dir='ltr'>habuit</span> <span class='ocrx_word' id='word_1_13' title='bbox 974 747 1231 796; x_wconf 90' lang='lat' dir='ltr'>rationem</span> <span class='ocrx_word' id='word_1_14' title='bbox 1274 745 1456 797; x_wconf 87' lang='lat' dir='ltr'><strong>editor.</strong></span> <span class='ocrx_word' id='word_1_15' title='bbox 1496 745 1662 813; x_wconf 82' lang='lat' dir='ltr'>Saepe</span> <span class='ocrx_word' id='word_1_16' title='bbox 1695 747 1836 797; x_wconf 90' lang='lat' dir='ltr'>enim</span> <span class='ocrx_word' id='word_1_17' title='bbox 1871 745 1985 798; x_wconf 90' lang='lat' dir='ltr'>fieri</span> <span class='ocrx_word' id='word_1_18' title='bbox 2019 763 2110 814; x_wconf 93' lang='lat' dir='ltr'>po-</span> 
     </span>
     <span class='ocr_line' id='line_1_4' title="bbox 237 849 2111 903; baseline 0 -1"><span class='ocrx_word' id='word_1_19' title='bbox 237 856 339 903; x_wconf 91' lang='lat' dir='ltr'>test</span> <span class='ocrx_word' id='word_1_20' title='bbox 380 856 438 902; x_wconf 91' lang='lat' dir='ltr'>ut</span> <span class='ocrx_word' id='word_1_21' title='bbox 478 867 621 902; x_wconf 90' lang='lat' dir='ltr'>unus</span> <span class='ocrx_word' id='word_1_22' title='bbox 661 850 1028 902; x_wconf 87' lang='lat' dir='ltr'>tantummodo</span> <span class='ocrx_word' id='word_1_23' title='bbox 1067 851 1235 901; x_wconf 82' lang='lat' dir='ltr'>codex</span> <span class='ocrx_word' id='word_1_24' title='bbox 1277 849 1429 901; x_wconf 90' lang='lat' dir='ltr'>nobis</span> <span class='ocrx_word' id='word_1_25' title='bbox 1468 850 1757 901; x_wconf 52' lang='lat' dir='ltr'>servarerit</span> <span class='ocrx_word' id='word_1_26' title='bbox 1790 850 1980 902; x_wconf 87' lang='lat' dir='ltr'>bonam</span> <span class='ocrx_word' id='word_1_27' title='bbox 2017 852 2111 902; x_wconf 90' lang='lat' dir='ltr'>ali-</span> 
     </span>
     <span class='ocr_line' id='line_1_5' title="bbox 239 954 2110 1024; baseline 0.001 -17"><span class='ocrx_word' id='word_1_28' title='bbox 239 972 397 1024; x_wconf 83' lang='lat' dir='ltr'><strong>quam</strong></span> <span class='ocrx_word' id='word_1_29' title='bbox 451 956 750 1021; x_wconf 88' lang='lat' dir='ltr'>lectionem,</span> <span class='ocrx_word' id='word_1_30' title='bbox 804 972 964 1023; x_wconf 90' lang='lat' dir='ltr'>quam</span> <span class='ocrx_word' id='word_1_31' title='bbox 1011 971 1107 1023; x_wconf 89' lang='lat' dir='ltr'>per</span> <span class='ocrx_word' id='word_1_32' title='bbox 1143 954 1394 1006; x_wconf 85' lang='lat' dir='ltr'>Rothium</span> <span class='ocrx_word' id='word_1_33' title='bbox 1439 955 1692 1023; x_wconf 90' lang='lat' dir='ltr'>aliosque,</span> <span class='ocrx_word' id='word_1_34' title='bbox 1734 958 1859 1023; x_wconf 90' lang='lat' dir='ltr'>quia</span> <span class='ocrx_word' id='word_1_35' title='bbox 1900 972 1928 1008; x_wconf 89' lang='lat' dir='ltr'>e</span> <span class='ocrx_word' id='word_1_36' title='bbox 1969 957 2110 1008; x_wconf 87' lang='lat' dir='ltr'>dete-</span> 
     </span>
     <span class='ocr_line' id='line_1_6' title="bbox 236 1058 1140 1130; baseline -0.003 -19"><span class='ocrx_word' id='word_1_37' title='bbox 236 1060 375 1130; x_wconf 88' lang='lat' dir='ltr'>riore</span> <span class='ocrx_word' id='word_1_38' title='bbox 413 1059 543 1125; x_wconf 85' lang='lat' dir='ltr'>loco,</span> <span class='ocrx_word' id='word_1_39' title='bbox 582 1060 815 1126; x_wconf 90' lang='lat' dir='ltr'>recipere</span> <span class='ocrx_word' id='word_1_40' title='bbox 855 1074 958 1109; x_wconf 93' lang='lat' dir='ltr'>non</span> <span class='ocrx_word' id='word_1_41' title='bbox 1003 1058 1140 1110; x_wconf 89' lang='lat' dir='ltr'>licet.</span> 
     </span>
    </p>

    <p class='ocr_par' dir='ltr' id='par_1_3' title="bbox 236 1163 2121 2909">
     <span class='ocr_line' id='line_1_7' title="bbox 314 1163 2112 1234; baseline 0.002 -19"><span class='ocrx_word' id='word_1_42' title='bbox 314 1163 383 1215; x_wconf 91' lang='lat' dir='ltr'>Ut</span> <span class='ocrx_word' id='word_1_43' title='bbox 437 1180 605 1215; x_wconf 91' lang='lat' dir='ltr'>unum</span> <span class='ocrx_word' id='word_1_44' title='bbox 646 1168 853 1214; x_wconf 87' lang='lat' dir='ltr'>tantum</span> <span class='ocrx_word' id='word_1_45' title='bbox 896 1179 924 1215; x_wconf 93' lang='lat' dir='ltr'>e</span> <span class='ocrx_word' id='word_1_46' title='bbox 965 1163 1210 1231; x_wconf 88' lang='lat' dir='ltr'>pluribus</span> <span class='ocrx_word' id='word_1_47' title='bbox 1252 1163 1463 1215; x_wconf 87' lang='lat' dir='ltr'>afferam</span> <span class='ocrx_word' id='word_1_48' title='bbox 1506 1165 1839 1233; x_wconf 77' lang='lat' dir='ltr'>exemplum:</span> <span class='ocrx_word' id='word_1_49' title='bbox 1884 1167 2112 1234; x_wconf 85' lang='lat' dir='ltr'>legimus</span> 
     </span>
     <span class='ocr_line' id='line_1_8' title="bbox 237 1266 2115 1339; baseline 0.003 -21"><span class='ocrx_word' id='word_1_50' title='bbox 237 1269 292 1319; x_wconf 92' lang='lat' dir='ltr'>in</span> <span class='ocrx_word' id='word_1_51' title='bbox 351 1266 413 1318; x_wconf 88' lang='lat' dir='ltr'>D.</span> <span class='ocrx_word' id='word_1_52' title='bbox 469 1267 596 1319; x_wconf 91' lang='lat' dir='ltr'>Iulii</span> <span class='ocrx_word' id='word_1_53' title='bbox 656 1269 779 1334; x_wconf 86' lang='lat' dir='ltr'>vita,</span> <span class='ocrx_word' id='word_1_54' title='bbox 838 1269 1007 1335; x_wconf 90' lang='lat' dir='ltr'>capite</span> <span class='ocrx_word' id='word_1_55' title='bbox 1068 1269 1166 1319; x_wconf 89' lang='lat'>81:</span> <span class='ocrx_word' id='word_1_56' title='bbox 1222 1267 1429 1320; x_wconf 81' lang='lat' dir='ltr'>Paucos</span> <span class='ocrx_word' id='word_1_57' title='bbox 1485 1273 1610 1321; x_wconf 73' lang='lat' dir='ltr'>ante</span> <span class='ocrx_word' id='word_1_58' title='bbox 1647 1286 1862 1339; x_wconf 75' lang='lat' dir='ltr'>menseS,</span> <span class='ocrx_word' id='word_1_59' title='bbox 1902 1287 2016 1322; x_wconf 81' lang='lat' dir='ltr'>cum</span> <span class='ocrx_word' id='word_1_60' title='bbox 2056 1271 2115 1323; x_wconf 73' lang='lat' dir='ltr'>in</span> 
     </span>
     <span class='ocr_line' id='line_1_9' title="bbox 237 1370 2113 1439; baseline 0.003 -16"><span class='ocrx_word' id='word_1_61' title='bbox 237 1371 435 1424; x_wconf 76' lang='lat' dir='ltr'>colonia</span> <span class='ocrx_word' id='word_1_62' title='bbox 498 1370 685 1437; x_wconf 81' lang='lat' dir='ltr'><strong><em>Capua</em></strong></span> <span class='ocrx_word' id='word_1_63' title='bbox 724 1372 928 1424; x_wconf 80' lang='lat' dir='ltr'>deducti</span> <span class='ocrx_word' id='word_1_64' title='bbox 963 1371 1065 1439; x_wconf 75' lang='lat' dir='ltr'>Zeye</span> <span class='ocrx_word' id='word_1_65' title='bbox 1108 1372 1253 1424; x_wconf 81' lang='lat' dir='ltr'>Iulia</span> <span class='ocrx_word' id='word_1_66' title='bbox 1293 1374 1457 1425; x_wconf 77' lang='lat' dir='ltr'>coloni</span> <span class='ocrx_word' id='word_1_67' title='bbox 1494 1374 1566 1426; x_wconf 84' lang='lat' dir='ltr'>ad</span> <span class='ocrx_word' id='word_1_68' title='bbox 1604 1376 1923 1428; x_wconf 74' lang='lat' dir='ltr'>extruendas</span> <span class='ocrx_word' id='word_1_69' title='bbox 1960 1377 2113 1430; x_wconf 82' lang='lat' dir='ltr'>villas</span> 
     </span>
     <span class='ocr_line' id='line_1_10' title="bbox 236 1475 2116 1547; baseline 0.003 -20"><span class='ocrx_word' id='word_1_70' title='bbox 236 1475 585 1528; x_wconf 78' lang='lat' dir='ltr'>vetustissima</span> <span class='ocrx_word' id='word_1_71' title='bbox 636 1475 910 1544; x_wconf 76' lang='lat' dir='ltr'>sepulchra</span> <span class='ocrx_word' id='word_1_72' title='bbox 961 1476 1263 1529; x_wconf 74' lang='lat' dir='ltr'>dissicerent</span> <span class='ocrx_word' id='word_1_73' title='bbox 1315 1495 1352 1529; x_wconf 84' lang='lat' dir='ltr'>e.</span> <span class='ocrx_word' id='word_1_74' title='bbox 1374 1495 1420 1547; x_wconf 81' lang='lat' dir='ltr'>q.</span> <span class='ocrx_word' id='word_1_75' title='bbox 1442 1496 1480 1530; x_wconf 79' lang='grc'>3.</span> <span class='ocrx_word' id='word_1_76' title='bbox 1538 1477 1680 1540; x_wconf 81' lang='lat' dir='ltr'>Quid</span> <span class='ocrx_word' id='word_1_77' title='bbox 1733 1480 1819 1531; x_wconf 91' lang='lat' dir='ltr'>hic</span> <span class='ocrx_word' id='word_1_78' title='bbox 1858 1480 1959 1532; x_wconf 90' lang='lat' dir='ltr'>sibi</span> <span class='ocrx_word' id='word_1_79' title='bbox 2000 1482 2116 1533; x_wconf 88' lang='lat' dir='ltr'>vult</span> 
     </span>
     <span class='ocr_line' id='line_1_11' title="bbox 242 1580 2116 1650; baseline 0.002 -18"><span class='ocrx_word' id='word_1_80' title='bbox 242 1581 464 1634; x_wconf 89' lang='lat' dir='ltr'>verbum</span> <span class='ocrx_word' id='word_1_81' title='bbox 507 1580 848 1633; x_wconf 76' lang='lat' dir='ltr'>dissicerent?</span> <span class='ocrx_word' id='word_1_82' title='bbox 887 1581 1118 1648; x_wconf 85' lang='lat' dir='ltr'>Nemini,</span> <span class='ocrx_word' id='word_1_83' title='bbox 1161 1583 1364 1650; x_wconf 89' lang='lat' dir='ltr'>opinor,</span> <span class='ocrx_word' id='word_1_84' title='bbox 1405 1587 1592 1634; x_wconf 91' lang='lat' dir='ltr'>notum</span> <span class='ocrx_word' id='word_1_85' title='bbox 1634 1588 1715 1636; x_wconf 90' lang='lat' dir='ltr'>est</span> <span class='ocrx_word' id='word_1_86' title='bbox 1755 1584 1976 1636; x_wconf 86' lang='lat' dir='ltr'>verbum</span> <span class='ocrx_word' id='word_1_87' title='bbox 2013 1585 2116 1637; x_wconf 82' lang='lat' dir='ltr'>dis-</span> 
     </span>
     <span class='ocr_line' id='line_1_12' title="bbox 240 1686 2116 1755; baseline 0.002 -17"><span class='ocrx_word' id='word_1_88' title='bbox 240 1686 409 1754; x_wconf 81' lang='lat' dir='ltr'>sicere,</span> <span class='ocrx_word' id='word_1_89' title='bbox 463 1689 816 1755; x_wconf 89' lang='lat' dir='ltr'>compositum</span> <span class='ocrx_word' id='word_1_90' title='bbox 871 1703 939 1739; x_wconf 80' lang='lat' dir='ltr'>ex</span> <span class='ocrx_word' id='word_1_91' title='bbox 991 1687 1073 1739; x_wconf 71' lang='lat' dir='ltr'>dis</span> <span class='ocrx_word' id='word_1_92' title='bbox 1124 1692 1176 1740; x_wconf 90' lang='lat' dir='ltr'>et</span> <span class='ocrx_word' id='word_1_93' title='bbox 1221 1688 1377 1740; x_wconf 78' lang='lat' dir='ltr'>sicere</span> <span class='ocrx_word' id='word_1_94' title='bbox 1430 1690 1513 1740; x_wconf 89' lang='lat' dir='ltr'>vel</span> <span class='ocrx_word' id='word_1_95' title='bbox 1554 1706 1729 1742; x_wconf 80' lang='lat' dir='ltr'>secere.</span> <span class='ocrx_word' id='word_1_96' title='bbox 1771 1690 1874 1743; x_wconf 87' lang='lat' dir='ltr'>Sed</span> <span class='ocrx_word' id='word_1_97' title='bbox 1914 1692 2020 1742; x_wconf 92' lang='lat' dir='ltr'>iam</span> <span class='ocrx_word' id='word_1_98' title='bbox 2061 1693 2116 1742; x_wconf 90' lang='lat' dir='ltr'>in</span> 
     </span>
     <span class='ocr_line' id='line_1_13' title="bbox 242 1791 2116 1864; baseline 0.003 -21"><span class='ocrx_word' id='word_1_99' title='bbox 242 1791 626 1844; x_wconf 85' lang='lat' dir='ltr'>vetustioribus</span> <span class='ocrx_word' id='word_1_100' title='bbox 680 1796 731 1844; x_wconf 89' lang='lat' dir='ltr'>et</span> <span class='ocrx_word' id='word_1_101' title='bbox 774 1792 1160 1844; x_wconf 89' lang='lat' dir='ltr'>recentioribus</span> <span class='ocrx_word' id='word_1_102' title='bbox 1201 1794 1525 1847; x_wconf 85' lang='lat' dir='ltr'>editionibus</span> <span class='ocrx_word' id='word_1_103' title='bbox 1565 1800 1829 1864; x_wconf 83' lang='lat' dir='ltr'>receptam</span> <span class='ocrx_word' id='word_1_104' title='bbox 1871 1797 2116 1849; x_wconf 90' lang='lat' dir='ltr'>videmus</span> 
     </span>
     <span class='ocr_line' id='line_1_14' title="bbox 243 1895 2119 1970; baseline 0.004 -24"><span class='ocrx_word' id='word_1_105' title='bbox 243 1895 539 1962; x_wconf 86' lang='lat' dir='ltr'>lectionem,</span> <span class='ocrx_word' id='word_1_106' title='bbox 598 1913 757 1964; x_wconf 89' lang='lat' dir='ltr'>quam</span> <span class='ocrx_word' id='word_1_107' title='bbox 813 1901 1162 1948; x_wconf 88' lang='lat' dir='ltr'>servaverunt</span> <span class='ocrx_word' id='word_1_108' title='bbox 1214 1898 1303 1949; x_wconf 89' lang='lat' dir='ltr'>alii</span> <span class='ocrx_word' id='word_1_109' title='bbox 1357 1899 1593 1951; x_wconf 91' lang='lat' dir='ltr'>codices:</span> <span class='ocrx_word' id='word_1_110' title='bbox 1635 1899 1943 1952; x_wconf 74' lang='lat' dir='ltr'>disiicerent.</span> <span class='ocrx_word' id='word_1_111' title='bbox 1986 1900 2119 1970; x_wconf 89' lang='lat' dir='ltr'>Lap-</span> 
     </span>
     <span class='ocr_line' id='line_1_15' title="bbox 244 2001 2120 2079; baseline 0.003 -26"><span class='ocrx_word' id='word_1_112' title='bbox 244 2018 366 2054; x_wconf 91' lang='lat' dir='ltr'>sum</span> <span class='ocrx_word' id='word_1_113' title='bbox 404 2002 777 2079; x_wconf 90' lang='lat' dir='ltr'>tantummodo</span> <span class='ocrx_word' id='word_1_114' title='bbox 818 2003 1006 2053; x_wconf 82' lang='lat' dir='ltr'>calami</span> <span class='ocrx_word' id='word_1_115' title='bbox 1047 2001 1269 2054; x_wconf 89' lang='lat' dir='ltr'>formam</span> <span class='ocrx_word' id='word_1_116' title='bbox 1310 2003 1612 2056; x_wconf 74' lang='lat' dir='ltr'>dissicerent</span> <span class='ocrx_word' id='word_1_117' title='bbox 1648 2010 1972 2073; x_wconf 90' lang='lat' dir='ltr'>putaverunt</span> <span class='ocrx_word' id='word_1_118' title='bbox 2011 2007 2120 2058; x_wconf 90' lang='lat' dir='ltr'>edi-</span> 
     </span>
     <span class='ocr_line' id='line_1_16' title="bbox 243 2107 2120 2173; baseline 0.004 -16"><span class='ocrx_word' id='word_1_119' title='bbox 243 2111 400 2173; x_wconf 84' lang='lat' dir='ltr'>toreS,</span> <span class='ocrx_word' id='word_1_120' title='bbox 457 2124 578 2158; x_wconf 91' lang='lat' dir='ltr'>nam</span> <span class='ocrx_word' id='word_1_121' title='bbox 640 2123 825 2159; x_wconf 87' lang='lat' dir='ltr'>omnes</span> <span class='ocrx_word' id='word_1_122' title='bbox 883 2107 991 2160; x_wconf 89' lang='lat' dir='ltr'>fere</span> <span class='ocrx_word' id='word_1_123' title='bbox 1044 2124 1150 2159; x_wconf 92' lang='lat' dir='ltr'>non</span> <span class='ocrx_word' id='word_1_124' title='bbox 1212 2109 1481 2161; x_wconf 88' lang='lat' dir='ltr'>admonito</span> <span class='ocrx_word' id='word_1_125' title='bbox 1535 2111 1730 2163; x_wconf 87' lang='lat' dir='ltr'>lectore</span> <span class='ocrx_word' id='word_1_126' title='bbox 1769 2113 2120 2164; x_wconf 89' lang='lat' dir='ltr'>restituerunt</span> 
     </span>
     <span class='ocr_line' id='line_1_17' title="bbox 243 2211 2117 2284; baseline 0.003 -22"><span class='ocrx_word' id='word_1_127' title='bbox 243 2211 555 2265; x_wconf 72' lang='lat' dir='ltr'>disiicerent.</span> <span class='ocrx_word' id='word_1_128' title='bbox 596 2211 846 2264; x_wconf 89' lang='lat' dir='ltr'>Litteram</span> <span class='ocrx_word' id='word_1_129' title='bbox 889 2229 929 2278; x_wconf 83' lang='lat' dir='ltr'>S,</span> <span class='ocrx_word' id='word_1_130' title='bbox 969 2212 1050 2265; x_wconf 90' lang='lat' dir='ltr'>bis</span> <span class='ocrx_word' id='word_1_131' title='bbox 1093 2214 1341 2281; x_wconf 84' lang='lat' dir='ltr'>scriptam</span> <span class='ocrx_word' id='word_1_132' title='bbox 1376 2213 1544 2267; x_wconf 90' lang='lat' dir='ltr'>fuisse</span> <span class='ocrx_word' id='word_1_133' title='bbox 1577 2217 1950 2283; x_wconf 89' lang='lat' dir='ltr'>antiquissimo</span> <span class='ocrx_word' id='word_1_134' title='bbox 1988 2233 2117 2284; x_wconf 91' lang='lat' dir='ltr'>quo·</span> 
     </span>
     <span class='ocr_line' id='line_1_18' title="bbox 245 2316 2121 2388; baseline 0.003 -21"><span class='ocrx_word' id='word_1_135' title='bbox 245 2316 366 2368; x_wconf 87' lang='lat' dir='ltr'>dam</span> <span class='ocrx_word' id='word_1_136' title='bbox 409 2332 552 2368; x_wconf 87' lang='lat' dir='ltr'>more</span> <span class='ocrx_word' id='word_1_137' title='bbox 586 2317 955 2368; x_wconf 85' lang='lat' dir='ltr'>remotissimis</span> <span class='ocrx_word' id='word_1_138' title='bbox 989 2317 1333 2385; x_wconf 75' lang='lat' dir='ltr'>temporibus,</span> <span class='ocrx_word' id='word_1_139' title='bbox 1367 2319 1500 2370; x_wconf 92' lang='lat' dir='ltr'>nihil</span> <span class='ocrx_word' id='word_1_140' title='bbox 1534 2324 1613 2372; x_wconf 88' lang='lat' dir='ltr'>est</span> <span class='ocrx_word' id='word_1_141' title='bbox 1648 2320 1790 2388; x_wconf 90' lang='lat' dir='ltr'>quod</span> <span class='ocrx_word' id='word_1_142' title='bbox 1826 2321 2121 2387; x_wconf 79' lang='lat' dir='ltr'>credamUS,</span> 
     </span>
     <span class='ocr_line' id='line_1_19' title="bbox 247 2420 2121 2491; baseline 0.003 -19"><span class='ocrx_word' id='word_1_143' title='bbox 247 2421 414 2472; x_wconf 88' lang='lat' dir='ltr'>multo</span> <span class='ocrx_word' id='word_1_144' title='bbox 462 2437 587 2472; x_wconf 85' lang='lat' dir='ltr'>vero</span> <span class='ocrx_word' id='word_1_145' title='bbox 630 2422 808 2472; x_wconf 91' lang='lat' dir='ltr'>minus</span> <span class='ocrx_word' id='word_1_146' title='bbox 847 2420 1122 2474; x_wconf 88' lang='lat' dir='ltr'>librarium</span> <span class='ocrx_word' id='word_1_147' title='bbox 1165 2423 1249 2475; x_wconf 90' lang='lat' dir='ltr'>vel</span> <span class='ocrx_word' id='word_1_148' title='bbox 1287 2424 1462 2491; x_wconf 89' lang='lat' dir='ltr'>ipsum</span> <span class='ocrx_word' id='word_1_149' title='bbox 1504 2423 1820 2476; x_wconf 85' lang='lat' dir='ltr'>Suetonium</span> <span class='ocrx_word' id='word_1_150' title='bbox 1857 2442 2010 2478; x_wconf 90' lang='lat' dir='ltr'>casca</span> <span class='ocrx_word' id='word_1_151' title='bbox 2045 2431 2121 2478; x_wconf 89' lang='lat' dir='ltr'>at-</span> 
     </span>
     <span class='ocr_line' id='line_1_20' title="bbox 248 2524 2118 2597; baseline 0.003 -20"><span class='ocrx_word' id='word_1_152' title='bbox 248 2541 352 2593; x_wconf 91' lang='lat' dir='ltr'>que</span> <span class='ocrx_word' id='word_1_153' title='bbox 405 2524 640 2578; x_wconf 89' lang='lat' dir='ltr'>obsoleta</span> <span class='ocrx_word' id='word_1_154' title='bbox 691 2525 782 2577; x_wconf 91' lang='lat' dir='ltr'>illa</span> <span class='ocrx_word' id='word_1_155' title='bbox 830 2525 997 2578; x_wconf 90' lang='lat' dir='ltr'>forma</span> <span class='ocrx_word' id='word_1_156' title='bbox 1051 2543 1207 2578; x_wconf 90' lang='lat' dir='ltr'>usum</span> <span class='ocrx_word' id='word_1_157' title='bbox 1263 2526 1445 2595; x_wconf 89' lang='lat' dir='ltr'>fuisse,</span> <span class='ocrx_word' id='word_1_158' title='bbox 1485 2528 1555 2595; x_wconf 90' lang='lat' dir='ltr'>id,</span> <span class='ocrx_word' id='word_1_159' title='bbox 1596 2529 1738 2597; x_wconf 90' lang='lat' dir='ltr'>quod</span> <span class='ocrx_word' id='word_1_160' title='bbox 1779 2534 2048 2597; x_wconf 89' lang='lat' dir='ltr'>praeterea</span> <span class='ocrx_word' id='word_1_161' title='bbox 2089 2547 2118 2582; x_wconf 93' lang='lat' dir='ltr'>a</span> 
     </span>
     <span class='ocr_line' id='line_1_21' title="bbox 248 2630 2119 2700; baseline 0.002 -17"><span class='ocrx_word' id='word_1_162' title='bbox 248 2630 490 2683; x_wconf 88' lang='lat' dir='ltr'>Suetonii</span> <span class='ocrx_word' id='word_1_163' title='bbox 522 2631 911 2684; x_wconf 91' lang='lat' dir='ltr'>consuetudine</span> <span class='ocrx_word' id='word_1_164' title='bbox 945 2631 1101 2700; x_wconf 88' lang='lat' dir='ltr'>plane</span> <span class='ocrx_word' id='word_1_165' title='bbox 1134 2632 1393 2684; x_wconf 90' lang='lat' dir='ltr'>abhorret.</span> <span class='ocrx_word' id='word_1_166' title='bbox 1428 2633 1676 2685; x_wconf 88' lang='lat' dir='ltr'>Attamen</span> <span class='ocrx_word' id='word_1_167' title='bbox 1714 2634 1935 2687; x_wconf 90' lang='lat' dir='ltr'>formam</span> <span class='ocrx_word' id='word_1_168' title='bbox 1971 2635 2119 2687; x_wconf 80' lang='lat' dir='ltr'>dissi-</span> 
     </span>
     <span class='ocr_line' id='line_1_22' title="bbox 248 2725 2120 2808; baseline 0.004 -24"><span class='ocrx_word' id='word_1_169' title='bbox 248 2739 419 2785; x_wconf 76' lang='lat' dir='ltr'>cerent</span> <span class='ocrx_word' id='word_1_170' title='bbox 476 2725 649 2786; x_wconf 89' lang='lat' dir='ltr'>adhuc</span> <span class='ocrx_word' id='word_1_171' title='bbox 708 2736 939 2787; x_wconf 87' lang='lat' dir='ltr'>servavit</span> <span class='ocrx_word' id='word_1_172' title='bbox 989 2739 1040 2787; x_wconf 91' lang='lat' dir='ltr'>et</span> <span class='ocrx_word' id='word_1_173' title='bbox 1085 2751 1293 2804; x_wconf 89' lang='lat' dir='ltr'>semper</span> <span class='ocrx_word' id='word_1_174' title='bbox 1345 2736 1578 2788; x_wconf 87' lang='lat' dir='ltr'>servabit</span> <span class='ocrx_word' id='word_1_175' title='bbox 1630 2738 1790 2789; x_wconf 88' lang='lat' dir='ltr'>editio</span> <span class='ocrx_word' id='word_1_176' title='bbox 1842 2738 2120 2808; x_wconf 87' lang='lat' dir='ltr'>Rothiana,</span> 
     </span>
     <span class='ocr_line' id='line_1_23' title="bbox 251 2841 1417 2909; baseline 0.002 -17"><span class='ocrx_word' id='word_1_177' title='bbox 251 2842 375 2908; x_wconf 90' lang='lat' dir='ltr'>quia</span> <span class='ocrx_word' id='word_1_178' title='bbox 415 2841 491 2893; x_wconf 94' lang='lat' dir='ltr'>sic</span> <span class='ocrx_word' id='word_1_179' title='bbox 529 2841 725 2909; x_wconf 86' lang='lat' dir='ltr'>legitur</span> <span class='ocrx_word' id='word_1_180' title='bbox 762 2843 817 2892; x_wconf 91' lang='lat' dir='ltr'>in</span> <span class='ocrx_word' id='word_1_181' title='bbox 859 2842 1039 2894; x_wconf 90' lang='lat' dir='ltr'>codice</span> <span class='ocrx_word' id='word_1_182' title='bbox 1079 2841 1417 2894; x_wconf 86' lang='lat' dir='ltr'>MemmianO.</span> 
     </span>
    </p>

    <p class='ocr_par' dir='ltr' id='par_1_4' title="bbox 251 2945 2129 3642">
     <span class='ocr_line' id='line_1_24' title="bbox 323 2945 2118 3015; baseline 0.002 -17"><span class='ocrx_word' id='word_1_183' title='bbox 323 2945 568 2999; x_wconf 91' lang='lat' dir='ltr'>Statuere</span> <span class='ocrx_word' id='word_1_184' title='bbox 626 2948 790 3015; x_wconf 86' lang='lat' dir='ltr'>igitur</span> <span class='ocrx_word' id='word_1_185' title='bbox 847 2963 1162 3015; x_wconf 89' lang='lat' dir='ltr'>possumus:</span> <span class='ocrx_word' id='word_1_186' title='bbox 1224 2948 1470 3014; x_wconf 90' lang='lat' dir='ltr'>primum,</span> <span class='ocrx_word' id='word_1_187' title='bbox 1526 2953 1734 3000; x_wconf 84' lang='lat' dir='ltr'>textum</span> <span class='ocrx_word' id='word_1_188' title='bbox 1794 2949 2118 3003; x_wconf 87' lang='lat' dir='ltr'>Rothianum</span> 
     </span>
     <span class='ocr_line' id='line_1_25' title="bbox 251 3050 2121 3123; baseline 0.003 -21"><span class='ocrx_word' id='word_1_189' title='bbox 251 3067 356 3102; x_wconf 90' lang='lat' dir='ltr'>non</span> <span class='ocrx_word' id='word_1_190' title='bbox 412 3067 528 3103; x_wconf 92' lang='lat' dir='ltr'>esse</span> <span class='ocrx_word' id='word_1_191' title='bbox 580 3050 821 3103; x_wconf 91' lang='lat' dir='ltr'>Suetonii</span> <span class='ocrx_word' id='word_1_192' title='bbox 861 3056 1067 3104; x_wconf 87' lang='lat' dir='ltr'>textum</span> <span class='ocrx_word' id='word_1_193' title='bbox 1115 3052 1428 3120; x_wconf 85' lang='lat' dir='ltr'>genuinum,</span> <span class='ocrx_word' id='word_1_194' title='bbox 1469 3053 1559 3104; x_wconf 92' lang='lat' dir='ltr'>sed</span> <span class='ocrx_word' id='word_1_195' title='bbox 1603 3054 1734 3104; x_wconf 87' lang='lat' dir='ltr'>nihil</span> <span class='ocrx_word' id='word_1_196' title='bbox 1774 3055 1918 3106; x_wconf 89' lang='lat' dir='ltr'>aliud</span> <span class='ocrx_word' id='word_1_197' title='bbox 1961 3072 2121 3123; x_wconf 89' lang='lat' dir='ltr'>quam</span> 
     </span>
     <span class='ocr_line' id='line_1_26' title="bbox 253 3154 2123 3227; baseline 0.004 -23"><span class='ocrx_word' id='word_1_198' title='bbox 253 3154 453 3205; x_wconf 91' lang='lat' dir='ltr'>bonum</span> <span class='ocrx_word' id='word_1_199' title='bbox 494 3156 548 3206; x_wconf 92' lang='lat' dir='ltr'>in</span> <span class='ocrx_word' id='word_1_200' title='bbox 592 3156 783 3208; x_wconf 87' lang='lat' dir='ltr'>studiis</span> <span class='ocrx_word' id='word_1_201' title='bbox 816 3155 1158 3209; x_wconf 87' lang='lat' dir='ltr'>Suetonianis</span> <span class='ocrx_word' id='word_1_202' title='bbox 1193 3156 1512 3223; x_wconf 88' lang='lat' dir='ltr'>subsidium,</span> <span class='ocrx_word' id='word_1_203' title='bbox 1548 3158 1692 3225; x_wconf 89' lang='lat' dir='ltr'>quod</span> <span class='ocrx_word' id='word_1_204' title='bbox 1725 3159 1992 3227; x_wconf 84' lang='lat' dir='ltr'>negligere</span> <span class='ocrx_word' id='word_1_205' title='bbox 2026 3176 2123 3212; x_wconf 92' lang='lat' dir='ltr'>nec</span> 
     </span>
     <span class='ocr_line' id='line_1_27' title="bbox 257 3259 2124 3329; baseline 0.003 -20"><span class='ocrx_word' id='word_1_206' title='bbox 257 3259 523 3325; x_wconf 89' lang='lat' dir='ltr'>volumus,</span> <span class='ocrx_word' id='word_1_207' title='bbox 578 3275 676 3311; x_wconf 91' lang='lat' dir='ltr'>nec</span> <span class='ocrx_word' id='word_1_208' title='bbox 726 3276 1046 3328; x_wconf 79' lang='lat' dir='ltr'>possumus3</span> <span class='ocrx_word' id='word_1_209' title='bbox 1102 3261 1295 3313; x_wconf 91' lang='lat' dir='ltr'>deinde</span> <span class='ocrx_word' id='word_1_210' title='bbox 1347 3277 1642 3329; x_wconf 91' lang='lat' dir='ltr'>numquam</span> <span class='ocrx_word' id='word_1_211' title='bbox 1690 3263 1808 3315; x_wconf 89' lang='lat' dir='ltr'>ideo</span> <span class='ocrx_word' id='word_1_212' title='bbox 1847 3263 2124 3316; x_wconf 91' lang='lat' dir='ltr'>lectionem</span> 
     </span>
     <span class='ocr_line' id='line_1_28' title="bbox 254 3363 2128 3436; baseline 0.003 -22"><span class='ocrx_word' id='word_1_213' title='bbox 254 3380 442 3431; x_wconf 89' lang='lat' dir='ltr'>parum</span> <span class='ocrx_word' id='word_1_214' title='bbox 503 3363 829 3432; x_wconf 91' lang='lat' dir='ltr'>probabilem</span> <span class='ocrx_word' id='word_1_215' title='bbox 891 3365 1276 3417; x_wconf 87' lang='lat' dir='ltr'>defendendam</span> <span class='ocrx_word' id='word_1_216' title='bbox 1332 3381 1463 3432; x_wconf 88' lang='lat' dir='ltr'>esse,</span> <span class='ocrx_word' id='word_1_217' title='bbox 1518 3367 1658 3434; x_wconf 88' lang='lat' dir='ltr'>quod</span> <span class='ocrx_word' id='word_1_218' title='bbox 1712 3383 1824 3419; x_wconf 89' lang='lat' dir='ltr'>eam</span> <span class='ocrx_word' id='word_1_219' title='bbox 1882 3368 2128 3436; x_wconf 89' lang='lat' dir='ltr'>praebeat</span> 
     </span>
     <span class='ocr_line' id='line_1_29' title="bbox 257 3466 2122 3537; baseline 0.004 -19"><span class='ocrx_word' id='word_1_220' title='bbox 257 3466 612 3519; x_wconf 88' lang='lat' dir='ltr'>Memmianus</span> <span class='ocrx_word' id='word_1_221' title='bbox 679 3467 888 3533; x_wconf 69' lang='lat' dir='ltr'>Codex,</span> <span class='ocrx_word' id='word_1_222' title='bbox 951 3470 1182 3537; x_wconf 89' lang='lat' dir='ltr'>denique</span> <span class='ocrx_word' id='word_1_223' title='bbox 1239 3486 1533 3537; x_wconf 89' lang='lat' dir='ltr'>numquam</span> <span class='ocrx_word' id='word_1_224' title='bbox 1594 3470 1783 3522; x_wconf 85' lang='lat' dir='ltr'>bonam</span> <span class='ocrx_word' id='word_1_225' title='bbox 1847 3473 2122 3525; x_wconf 89' lang='lat' dir='ltr'>lectionem</span> 
     </span>
     <span class='ocr_line' id='line_1_30' title="bbox 259 3571 2129 3642; baseline 0.004 -21"><span class='ocrx_word' id='word_1_226' title='bbox 259 3571 618 3638; x_wconf 90' lang='lat' dir='ltr'>accipiendam</span> <span class='ocrx_word' id='word_1_227' title='bbox 661 3588 792 3637; x_wconf 87' lang='lat' dir='ltr'>esse,</span> <span class='ocrx_word' id='word_1_228' title='bbox 834 3573 960 3640; x_wconf 88' lang='lat' dir='ltr'>quia</span> <span class='ocrx_word' id='word_1_229' title='bbox 1001 3572 1309 3624; x_wconf 89' lang='lat' dir='ltr'>Memmiani</span> <span class='ocrx_word' id='word_1_230' title='bbox 1345 3573 1555 3639; x_wconf 82' lang='lat' dir='ltr'>codicis,</span> <span class='ocrx_word' id='word_1_231' title='bbox 1590 3575 1678 3625; x_wconf 88' lang='lat' dir='ltr'>sed</span> <span class='ocrx_word' id='word_1_232' title='bbox 1717 3576 1842 3642; x_wconf 88' lang='lat' dir='ltr'>quia</span> <span class='ocrx_word' id='word_1_233' title='bbox 1877 3575 2014 3627; x_wconf 91' lang='lat' dir='ltr'>bona</span> <span class='ocrx_word' id='word_1_234' title='bbox 2036 3582 2129 3628; x_wconf 90' lang='lat' dir='ltr'>est.</span> 
     </span>
    </p>
   </div>
  </div>
 </body>
</html>
