2462 4186
1273 408 1305 458 8

350 582 409 633 Ε.
468 583 516 634 J.
578 583 725 645 Brill,
782 582 973 649 1896),
1026 582 1091 634 de
1143 582 1258 633 loco
1299 588 1509 634 nostro:
1557 581 1924 648 „Exciderunt
1966 583 2226 650 quaedam

348 691 466 754 post
515 684 932 754 consaryerent’'‚
973 686 1004 736 i.
1048 701 1121 737 e.:
1163 687 1303 737 inter
1342 688 1708 752 consumerent
1747 690 1861 737 et..
1887 726 1928 737 ..
1967 701 2063 750 per
2099 686 2229 737 Am-

346 791 536 843 branos
574 795 623 843 et
662 790 1094 859 Transpadanos.
1138 789 1294 852 Quod
1336 792 1426 841 vix
1467 791 1638 842 credo,
1673 789 1800 843 Sine
1835 790 1996 842 dubio
2033 794 2230 858 textuS‚

349 898 488 948 sicut
550 912 695 947 nunc
749 912 871 948 eum
921 896 1166 964 legimuS,
1207 895 1460 947 mendose
1501 895 1729 947 traditus
1769 900 1864 962 est,
1905 911 2028 947 nam
2069 911 2227 947 suum

349 1001 524 1052 locum
573 1002 628 1051 in
670 1002 934 1053 sententia
975 1016 1083 1051 non
1127 1000 1372 1051 obtinent
1414 999 1674 1051 vocabula
1710 1016 1805 1064 per
1844 999 2142 1052 Ambranos
2184 1004 2231 1051 et

349 1105 788 1173 Transpadanos,

428 1209 816 1279 Coniungenda
850 1214 1029 1262 essent
1051 1226 1172 1262 cum
1197 1209 1350 1276 foriS,
1370 1225 1476 1260 non
1499 1225 1620 1260 cum
1643 1208 1855 1276 Romae,
1877 1225 2000 1260 nam
2025 1207 2234 1277 Caesar,

350 1312 552 1365 Romae
607 1329 843 1381 manens,
896 1314 1044 1366 nullo
1087 1314 1243 1365 modo
1284 1329 1408 1364 cum
1449 1314 1647 1365 exteris
1689 1312 2000 1365 nationibus
2040 1313 2106 1364 ad
2145 1329 2233 1366 res

355 1435 520 1471 novas
561 1435 885 1488 consurgere
925 1420 1115 1487 potuit.

428 1522 672 1576 Fortasse
733 1523 831 1575 Gn.
885 1523 1026 1583 Piso,
1081 1525 1182 1575 iter
1233 1523 1436 1575 faciens
1476 1524 1532 1574 in
1573 1522 1889 1591 Hispaniam
1932 1525 2230 1576 citeriorem

356 1628 440 1694 (cf.
500 1627 714 1680 Sallust.
774 1627 855 1680 De
913 1629 1047 1680 coni.
1102 1627 1208 1680 Cat.
1261 1644 1302 1678 c.
1349 1629 1448 1695 19),
1488 1627 1777 1679 nonnullas
1816 1633 2003 1696 gentes
2043 1629 2109 1680 ad
2147 1645 2233 1682 res

355 1749 523 1785 novas
564 1735 797 1785 excitare
839 1734 1025 1801 potuit.

429 1837 534 1890 Sed
572 1839 718 1890 addit
757 1837 1075 1890 Suetonius:
1118 1837 1421 1889 destitutum
1459 1837 1736 1906 utriusque
1769 1836 2037 1890 consilium
2076 1842 2236 1891 morte

359 1943 583 1997 Pisonis,
633 1943 899 1996 Novimus
953 1947 1131 1995 autem
1186 1958 1255 1994 ex
1308 1941 1562 1994 Sallustio
1597 1941 1851 1994 Pisonem
1892 1942 2234 1995 interfectum

356 2067 473 2103 esse
529 2052 617 2118 „in
671 2051 946 2119 provincia
985 2049 1050 2101 ab
1090 2049 1364 2117 equitibus
1405 2047 1678 2116 HispaniS,
1719 2065 1855 2116 quos
1894 2050 1952 2100 in
1993 2051 2235 2102 exercitu

357 2154 658 2222 ductabat’',
715 2156 747 2206 i.
786 2170 829 2207 e.
889 2158 1172 2223 postquam
1223 2154 1280 2204 in
1335 2151 1650 2221 Hispaniam
1692 2152 1921 2204 advenit.
1963 2151 2072 2204 Iter
2109 2168 2234 2222 ergo

357 2260 571 2312 Pisonis
629 2261 735 2311 iam
790 2258 1081 2328 perfectum
1135 2263 1262 2326 erat,
1316 2262 1366 2310 et
1407 2259 1452 2310 si
1489 2273 1675 2310 revera
1713 2257 2131 2323 Transpadanos
2167 2259 2234 2310 ad

357 2380 443 2418 res
496 2380 660 2416 novas
709 2365 943 2416 excitare
983 2368 1208 2416 conatus
1246 2368 1342 2430 est,
1382 2364 1481 2414 hoc
1520 2378 1778 2415 conamen
1819 2363 1885 2414 ad
1923 2362 2084 2415 finem
2129 2364 2236 2415 iam

355 2460 412 2520 in
464 2470 654 2522 itinere
694 2469 1029 2538 perduxerat.
1069 2468 1134 2520 In
1175 2470 1451 2537 provincia
1488 2468 1751 2537 Hispania
1789 2468 1843 2519 id
1881 2468 2055 2521 facere
2093 2469 2245 2520 certe

358 2591 465 2627 non
523 2576 711 2644 potuit,
771 2591 893 2626 nam
958 2574 1104 2626 nullo
1161 2574 1317 2626 modo
1368 2590 1501 2642 gens
1554 2573 1847 2642 Hispaniae
1887 2574 1991 2625 dici
2029 2577 2232 2642 potest:
2302 2587 2306 2590 ’

358 2679 767 2745 Transpadana.
828 2678 931 2732 Sed
985 2695 1013 2731 e
1052 2678 1295 2731 Suetonii
1337 2678 1515 2731 verbis
1556 2683 1773 2747 apparet
1810 2677 2061 2731 Pisonem
2101 2694 2234 2730 non-

361 2786 487 2837 dum
540 2785 676 2837 illud
728 2785 918 2838 fecisse
970 2800 1243 2852 conamen,
1285 2801 1407 2836 nam
1464 2784 1667 2852 alioqui
1707 2784 1811 2835 dici
1851 2795 1959 2835 non·
2000 2786 2234 2852 poterat:

356 2891 624 2944 consiliam
664 2890 940 2957 utriusque
979 2890 1281 2943 destitutum
1319 2907 1425 2942 esse
1463 2890 1573 2942 eius
1604 2894 1777 2942 morte.
1810 2889 1874 2941 In
1896 2890 2086 2942 itinere
2107 2903 2234 2956 ergo

357 3000 542 3064 gentes
583 2997 818 3048 excitare
858 3012 964 3048 non
1007 2996 1178 3048 voluit
1210 2995 1351 3063 Piso,
1385 2995 1477 3048 sed
1498 2995 1723 3048 fortasse
1742 2996 1799 3046 in
1820 2997 1937 3064 ipsa
1959 2995 2235 3064 Hispania.

362 3100 478 3163 Qua
532 3101 596 3154 de
650 3117 811 3153 causa
862 3102 1040 3170 potius
1087 3101 1243 3153 credo
1285 3100 1540 3152 vocabula
1579 3102 1737 3154 citata
1777 3101 1918 3152 olere
1959 3099 2236 3167 emblema,

358 3207 777 3274 suprascriptum
829 3205 990 3258 verbo
1044 3205 1190 3274 foris.
1230 3205 1503 3258 Glossator
1543 3205 1778 3273 quidam,
1821 3206 1879 3256 ni
1914 3204 2087 3273 fallor,
2127 3205 2235 3274 pla-

355 3312 479 3364 nius
544 3312 843 3364 describere
901 3312 1072 3363 voluit
1133 3311 1263 3379 quid
1322 3310 1425 3363 sibi
1487 3311 1645 3363 vellet
1706 3310 2022 3362 vocabulum
2083 3309 2231 3379 foriS,

358 3420 518 3483 atque
571 3417 734 3485 igitur
772 3417 955 3467 citavit
995 3417 1213 3467 nomina
1244 3416 1630 3467 nonnullarum
1669 3415 1933 3483 gentium,
1969 3431 2063 3484 per
2103 3431 2234 3483 qua-

360 3536 478 3571 rum
534 3521 777 3588 regiones
818 3522 918 3572 iter
957 3520 1142 3572 Pisoni
1180 3520 1483 3573 faciendum
1527 3525 1649 3572 erat.
1692 3519 1847 3572 Unde
1887 3524 2063 3572 tamen
2106 3520 2234 3572 haec
