2462 4186
1144 486 1212 535 47

243 657 445 710 cludere
501 658 634 709 nihil
675 657 974 726 significare
1013 659 1116 710 nisi
1147 657 1501 726 praecludere,
1539 658 1718 726 sepire,
1754 658 1993 726 obsepire,
2031 659 2111 710 in-

241 763 499 829 tersepire,
557 755 787 815 attamen
850 779 1105 831 quaerere
1159 763 1343 815 velim:
1398 763 1614 815 Licetne
1654 764 1740 815 hic
1779 765 2008 831 cogitare
2047 764 2111 815 de

242 866 628 934 significatione
699 867 937 935 praefixi,
1009 885 1165 935 quam
1241 869 1528 934 nominavi,
1601 884 1737 936 quae
1807 884 1982 936 neque
2045 868 2110 919 ab

241 976 490 1039 argentea
560 970 857 1038 Latinitate,
928 987 1101 1039 neque
1172 989 1202 1023 a
1273 971 1513 1023 Suetonii
1586 972 1838 1040 loquendi
1908 974 2112 1025 ratione

239 1075 411 1126 aliena
462 1075 570 1127 sit?

312 1178 616 1231 Praefixum
671 1180 810 1230 inter
861 1181 997 1231 hanc
1050 1179 1488 1247 significationem
1543 1179 1735 1232 habere
1788 1182 1988 1232 scimus
2041 1197 2109 1233 ex

238 1285 470 1335 auctoris
531 1285 701 1336 nostri
754 1285 897 1336 loco:
951 1285 1250 1353 AugustuS,
1293 1301 1402 1353 cap.
1443 1286 1530 1351 24,
1573 1285 1665 1336 ubi
1705 1286 1959 1354 legimus:
2009 1303 2108 1352 „ne

235 1388 531 1457 legatorum
574 1390 788 1458 quidem
831 1391 1077 1458 cuiquam
1103 1430 1113 1441 .
1138 1430 1146 1440 .
1172 1431 1181 1441 .
1205 1431 1215 1441 .
1250 1391 1490 1458 permisit
1512 1406 1732 1442 uxorem
1758 1390 2107 1457 intervisere,''

237 1493 381 1560 quod
437 1498 544 1545 est:
595 1511 697 1562 per
752 1493 1084 1546 intervallum
1142 1495 1372 1546 revisere.
1432 1493 1518 1546 Sic
1574 1495 1924 1563 intelligimus
1967 1496 2108 1547 unde

233 1596 402 1650 forma
458 1598 612 1650 clusit
653 1603 782 1650 ‘orta
840 1600 908 1651 sit
966 1604 1126 1667 atque
1167 1599 1311 1650 unde
1353 1598 1672 1650 vocabulum
1711 1603 1803 1666 ter,
1844 1600 1935 1651 sed
1977 1616 2106 1667 quo-

236 1704 377 1754 niam
428 1705 851 1756 vetustissimum
893 1708 972 1756 est
1012 1705 1218 1770 vitium,
1257 1719 1550 1771 omnesque
1590 1704 1689 1755 hoc
1729 1705 1844 1756 loco
1886 1721 2106 1756 consen-

234 1808 378 1859 tiunt
417 1808 639 1875 codiceS,
676 1825 972 1876 numquam
1015 1824 1333 1876 magnopere
1372 1808 1648 1860 lectionem
1683 1825 1898 1876 pravam
1934 1812 2105 1878 suspi-

235 1913 337 1964 cati
395 1918 520 1965 sunt
578 1915 679 1964 viri
740 1913 895 1980 docti,
934 1913 1025 1965 sed
1066 1915 1243 1981 potius
1282 1929 1546 1965 summam
1590 1918 1853 1965 navarunt
1893 1929 2102 1982 operam

235 2022 294 2069 ut
333 2023 473 2070 recte
525 2019 1000 2086 interpretarentur
1052 2019 1385 2071 sententiam.
1428 2016 1530 2078 Qui
1574 2022 1746 2069 tamen
1790 2017 1923 2070 bene
1963 2021 2104 2087 cogi-

235 2123 425 2174 taverit
482 2123 547 2174 de
604 2123 706 2174 loci
764 2122 1072 2174 difficultate
1109 2124 1163 2173 in
1204 2139 1261 2174 re
1301 2123 1551 2174 historica
1590 2127 1641 2174 et
1681 2123 2101 2191 orthographica,

231 2226 386 2279 facile
427 2227 628 2279 videbit
667 2231 876 2279 textum
916 2227 1169 2279 traditum
1213 2226 1424 2279 defendi
1463 2243 1570 2278 non
1608 2243 1762 2295 posse
1795 2232 1847 2280 et
1878 2227 2102 2280 fortasse

233 2347 439 2384 mecum
481 2331 716 2383 censebit
753 2331 1035 2400 legendum
1078 2347 1222 2384 esse:
1263 2331 1569 2383 interclusit.

304 2435 488 2488 Restat
558 2441 617 2488 ut
687 2436 857 2488 levem
931 2437 1307 2488 correctionem
1369 2435 1715 2488 adhibeamus
1776 2436 1979 2488 verbis:
2040 2437 2100 2488 in

230 2541 390 2594 multo
435 2542 661 2594 breviore
699 2542 940 2610 temporis
978 2541 1158 2606 spatio.
1200 2539 1438 2593 Delenda
1481 2541 1622 2592 enim
1665 2545 1743 2592 est
1781 2542 2100 2609 praepositio

227 2647 302 2715 in,
354 2648 494 2699 sicut
545 2649 649 2699 iam
703 2648 912 2698 monuit
965 2640 1062 2698 Vir
1114 2645 1252 2700 Olar.
1295 2645 1644 2698 Cornelissen.
1684 2645 1842 2698 Haud
1886 2645 2099 2698 difficile

230 2758 311 2806 est
355 2753 621 2822 explicare
660 2769 765 2820 quo
806 2752 961 2803 modo
1003 2753 1056 2802 in
1097 2755 1303 2803 textum
1343 2751 1628 2819 irrepserit.
1671 2749 1942 2802 Glossator
1982 2752 2097 2818 qni-

230 2859 365 2924 dam,
422 2858 604 2926 legens
657 2857 818 2910 verba
856 2862 935 2908 ter
970 2856 1138 2921 elusit,
1179 2871 1340 2923 supra
1380 2858 1587 2906 textum
1629 2855 1842 2922 scripsit
1881 2854 2093 2921 signum

227 2962 325 3029 III,
377 2965 437 3013 ut
485 2962 744 3013 indicaret
794 2975 1075 3011 numerum
1127 2964 1245 3010 tres.
1286 2957 1403 3009 Hoc
1442 2959 1654 3026 signum
1695 2974 1856 3026 prave
1894 2958 2092 3010 lectum

228 3071 280 3119 et
315 3066 639 3118 intellectum
682 3069 776 3132 est,
813 3066 887 3116 ita
926 3068 987 3116 ut
1026 3081 1152 3115 mox
1189 3067 1449 3115 mutatum
1486 3064 1628 3115 sitin
1651 3064 2090 3131 praepositionem

228 3173 297 3238 in,
355 3186 492 3239 quae
548 3187 579 3221 a
633 3170 925 3221 recentiore
977 3185 1138 3220 manu
1179 3169 1233 3218 in
1274 3172 1481 3220 textum
1521 3168 1719 3219 inserta
1757 3171 1850 3218 est.
1890 3166 2092 3218 Verum

228 3275 497 3328 enimvero
552 3273 719 3325 multo
770 3274 947 3341 potius
1005 3276 1176 3324 totum
1237 3272 1336 3322 hoc
1394 3271 1813 3323 additamentum
1855 3273 2092 3339 ineptum

227 3383 387 3447 atque
444 3378 711 3430 insulsum
771 3393 799 3429 e
855 3381 1008 3429 textu
1063 3391 1418 3428 amoveamus
1467 3374 1657 3437 Quivis
1708 3376 1849 3427 enim
1904 3377 2095 3427 sentiet

227 3483 670 3551 comparationem
721 3482 862 3532 inter
912 3484 1111 3547 septem
1154 3479 1376 3545 saecula,
1415 3479 1542 3530 inde
1580 3478 1645 3529 ab
1686 3478 1818 3529 urbe
1870 3479 2096 3547 condita,

226 3591 277 3638 et
337 3586 686 3654 quadraginta
746 3600 930 3650 annOS,
987 3599 1079 3651 per
1119 3600 1254 3651 quos
1311 3584 1552 3650 regnavit
1612 3582 1906 3650 AugustUS,
1955 3584 2096 3634 olere
