2462 4186
1163 476 1223 525 17

247 654 328 701 ret
363 649 680 701 vocabulum
714 665 904 700 causas
938 649 1212 716 emphasin
1250 648 1455 715 habere,
1479 666 1583 700 non
1620 650 1941 702 adiectivum
1965 646 2115 701 alias.

249 753 470 805 Minime
521 769 732 805 narrare
774 753 888 804 vult
927 758 1110 804 auctor
1152 753 1323 804 varios
1363 754 1605 806 homines
1644 755 1782 805 inter
1821 770 1877 806 se
1920 754 2121 806 dissen-

249 858 383 908 sisse
423 857 487 909 de
529 858 688 908 variis
730 857 853 908 belli
894 857 1067 908 civilis
1107 858 1300 922 causis3
1339 857 1430 908 sed
1472 873 1655 909 omnes
1689 859 1832 909 cives
1870 875 1975 909 una
1996 875 2118 909 con-

249 963 481 1033 sensisse
534 966 868 1030 praetextum
918 978 948 1012 a
988 960 1210 1013 Caesare
1249 962 1466 1013 allatum
1506 977 1692 1013 revera
1730 961 1912 1013 fictum
1953 962 2120 1014 fuisse

250 1070 301 1117 et
339 1082 490 1141 veras
529 1082 796 1117 armorum
840 1081 1027 1117 causas
1068 1066 1226 1134 longe
1268 1066 1505 1118 diversas
1544 1066 1713 1119 fuisse
1753 1067 1817 1118 ab
1853 1068 1952 1118 hoc
1980 1084 2122 1135 prae·

249 1175 410 1222 texto,
451 1170 651 1223 Sensus
694 1170 777 1222 hic
818 1172 945 1222 satis
985 1167 1251 1222 clarus'et
1290 1171 1504 1223 lucidus
1545 1177 1637 1238 est,
1680 1173 1821 1240 quod
1864 1189 1969 1224 non
2012 1191 2120 1224 am-

251 1276 390 1343 plius
443 1275 761 1326 contendere
801 1291 1088 1343 possumus
1129 1281 1412 1344 postquam
1451 1278 1779 1328 inseruimus
1820 1294 1941 1329 cum
1984 1278 2122 1329 Bur-

253 1397 446 1431 manno
481 1378 797 1431 vocabulum
826 1380 936 1448 alii,
973 1382 1099 1448 quia
1126 1381 1218 1432 tali
1242 1381 1394 1432 modo
1416 1383 1711 1434 amittimus
1734 1385 2117 1451 oppositionem

252 1488 599 1539 necessariam
657 1488 797 1539 inter
850 1492 1173 1552 praetextum
1233 1493 1283 1539 et
1340 1505 1542 1539 causas,
1602 1488 1957 1541 Conservetur
1997 1505 2120 1557 ergo

255 1596 435 1644 textus
475 1592 714 1644 traditus.

325 1697 386 1749 In
444 1698 680 1750 eiusdem
735 1696 923 1765 capitis
977 1696 1080 1748 fine
1122 1698 1272 1749 valde
1314 1699 1476 1750 miror
1514 1716 1543 1750 a
1582 1700 1711 1751 viris
1752 1700 1920 1751 doctis
1960 1702 2120 1752 anxie

250 1806 619 1854 conservatum
658 1817 774 1853 esse
807 1801 1067 1853 emblema
1101 1803 1514 1870 ineptissimum,
1549 1820 1670 1856 cum
1693 1805 1837 1856 aliud
1861 1805 2121 1857 emblema

252 1908 555 1959 deleverint.
596 1906 847 1975 Legimus
889 1912 1095 1959 autem:

551 2186 698 2251 Quod
748 2186 1063 2238 existimasse
1120 2187 1388 2239 videbatur
1440 2191 1487 2238 et
1542 2186 1731 2257 Cicera,
1783 2188 2004 2240 scribens
2057 2189 2119 2241 de

625 2289 845 2359 Officii-3,
885 2290 1012 2343 libro
1049 2292 1215 2360 tertia
1255 2309 1452 2357 semper
1498 2294 1769 2346 Caesarem
1807 2295 1866 2345 iu
1903 2311 1990 2347 ore
2030 2294 2122 2346 ha-

622 2395 818 2447 buisse.
844 2437 854 2448 .
878 2437 922 2447 ..
961 2395 1242 2462 Euripidis
1278 2414 1457 2449 versus
1493 2415 1531 2449 e.
1552 2415 1597 2467 q.
1619 2416 1658 2450 8.

325 2640 473 2703 Quae
523 2642 646 2693 olim
697 2641 1009 2710 legebantur
1046 2643 1183 2694 inter
1226 2642 1463 2695 habuisse
1502 2648 1554 2695 et
1591 2643 1871 2712 Euripidis
1911 2661 2121 2696 summo

249 2748 366 2798 iure
416 2748 571 2799 uncis
609 2747 818 2799 inclusa
859 2752 1000 2812 sunt,
1040 2748 1132 2800 sed
1175 2765 1280 2816 qua
1321 2748 1385 2800 de
1425 2765 1586 2800 causa
1626 2749 1786 2800 simul
1827 2766 1930 2800 non
1977 2767 2119 2801 amo-

252 2852 427 2902 verint
464 2852 777 2919 interpretes
811 2852 1036 2903 alterum
1072 2851 1345 2918 emblema,
1381 2855 1521 2904 certe
1554 2868 1660 2903 non
1694 2853 1948 2920 intelligo.
1983 2853 2118 2904 Nam

252 2956 436 3023 procul
477 2955 639 3007 dubio
681 2959 733 3007 et
774 2955 1033 3007 vocabula
1072 2956 1219 3008 tertio
1257 2955 1398 3023 libro,
1432 2957 1651 3008 eandem
1689 2956 1754 3008 ob
1789 2973 2002 3008 causam
2026 2974 2120 3025 pro

250 3059 568 3127 glossemate
624 3063 752 3111 sunt
809 3059 1061 3112 habenda.
1121 3059 1431 3135 Numquam
1488 3060 1741 3113 Suetonio
1792 3062 1846 3112 in
1888 3065 2117 3113 mentem

253 3163 434 3215 venire
479 3163 651 3230 potuit
689 3178 750 3213 ea
789 3162 994 3227 addere,
1035 3164 1265 3230 primum
1309 3165 1435 3231 quia
1475 3180 1579 3215 non
1622 3163 1862 3216 solebant
1904 3167 2123 3233 scripto-

254 3280 337 3317 res
377 3269 578 3317 veteres
617 3266 778 3316 citare
817 3265 994 3328 libros,
1035 3268 1205 3334 capita
1244 3267 1328 3318 vel
1369 3268 1740 3335 paragraphos,
1780 3268 1970 3320 deinde
1993 3285 2123 3336 quo-

255 3369 397 3420 niam
456 3369 710 3420 nimirum
766 3369 954 3421 melius
1006 3369 1234 3420 Romani
1292 3370 1531 3422 sciebant
1571 3387 1677 3438 quo
1719 3371 1834 3422 loco
1873 3373 1925 3422 in
1969 3387 2125 3439 opere

260 3471 372 3538 „De
421 3471 642 3524 officiis’'
695 3473 999 3540 legerentur
1054 3490 1241 3526 versus
1294 3474 1385 3540 illi,
1435 3490 1596 3541 quam
1637 3490 1704 3526 ex
1743 3491 1850 3542 quo
1892 3475 2126 3527 dramate

254 3575 526 3643 Euripidis
566 3591 655 3627 eos
696 3576 932 3627 hauserit
972 3576 1166 3629 Cicero,
1210 3576 1501 3629 Deleantur
1542 3593 1679 3645 ergo,

1932 3669 1959 3709 2
