2462 4186
1122 467 1187 518 13

209 644 385 711 velim,
439 645 534 712 qui
585 643 839 696 Suetonio
880 659 1093 712 operam
1136 649 1350 698 navant.
1392 644 1759 714 (Programma
1800 646 2079 713 Gymnasii

208 749 525 803 Erasmiani.
566 748 810 801 Roterod.
860 748 1029 813 1882).
1070 748 1172 801 Sed
1209 749 1273 801 de
1306 749 1744 817 praecedentibus
1778 753 1934 803 etiam
1973 753 2077 804 dis-

210 859 494 907 seruerunt
552 856 654 905 viri
695 854 850 905 docti.
892 853 1166 905 Vocabula
1196 870 1296 921 per
1333 853 1497 905 iocum
1536 871 1694 906 suum
1737 871 1841 906 non
1884 856 2077 909 habere

207 959 383 1010 locum
436 938 826 1010 contenderunt
864 957 1094 1026 Lipsius,
1131 957 1455 1024 Torrentius,
1497 958 1792 1025 ErnestiuS,
1838 958 2077 1011 Wolfius.

209 1061 403 1114 Contra
454 1062 772 1129 Gronovius,
826 1061 1254 1131 OudendorpiuS,
1322 1062 1544 1115 Crusius
1599 1065 1935 1116 retinuerunt
1973 1065 2076 1116 lec-

208 1170 405 1221 tionem
465 1169 734 1237 vulgatam
790 1173 841 1221 et
892 1170 968 1221 sic
1021 1170 1425 1238 explicaverunt
1476 1170 1679 1222 locum:
1734 1169 1922 1221 Totum
1978 1170 2076 1222 hoc

134 1307 136 1309 -
209 1273 618 1342 subscriptionis
675 1290 847 1342 genus
906 1275 1117 1325 iocandi
1175 1291 1336 1326 causa
1393 1274 1591 1327 factum
1651 1279 1742 1327 est.
1796 1274 1859 1326 In
1915 1274 2077 1327 rebus

208 1380 360 1431 seriis
419 1378 741 1447 subscriptio
781 1380 900 1431 talis
941 1380 1188 1431 indecora
1225 1379 1431 1431 fuisset.
1471 1379 1647 1447 Recte,
1686 1379 1778 1431 sed
1819 1379 1954 1431 male
1995 1381 2076 1430 in-

206 1484 543 1551 tellexerunt,
615 1485 720 1536 nisi
777 1484 947 1551 fallor,
1005 1490 1272 1537 auctorem
1332 1489 1577 1536 nostrum
1638 1485 1692 1535 hi
1750 1486 2076 1552 interpretes.

213 1588 392 1640 Unum
432 1589 800 1641 tantummodo
838 1594 1017 1641 narrat
1057 1589 1361 1656 Suetonius,
1400 1590 1432 1641 i.
1454 1605 1495 1641 e.
1534 1591 1728 1641 iocum.
1772 1588 1923 1651 Quod
1947 1589 2074 1640 obli-

207 1694 341 1746 visci
380 1710 488 1745 non
529 1693 798 1745 debemus.

280 1773 507 1851 Disertis
551 1797 730 1850 verbis
770 1799 1008 1850 nominat
1048 1798 1183 1864 illos,
1226 1800 1319 1867 qui
1357 1800 1445 1865 ita,
1485 1798 1716 1850 testandi
1747 1799 1929 1866 gratia,
1970 1799 2074 1866 sig-

208 1903 410 1955 nabant
464 1903 705 1969 urbanae,
754 1905 786 1954 i.
826 1919 868 1955 e.
920 1920 1150 1955 scurras,
1205 1902 1278 1954 Cf.
1320 1904 1384 1955 de
1421 1904 1518 1955 hac
1558 1903 1944 1972 significatione
1984 1904 2073 1954 ad·

206 2010 384 2060 iectivi
441 2008 696 2061 urbanos:
750 2008 977 2080 Plinius,
1022 2008 1114 2077 Ep.
1154 2008 1247 2074 IV,
1289 2010 1373 2074 25,
1412 2008 1533 2060 ubi:
1581 2007 1756 2075 „Quid
1798 2009 1943 2060 hunc
1983 2025 2079 2076 pu·-

207 2119 384 2166 tamus
424 2115 564 2165 domi
604 2114 790 2179 facere,
831 2115 925 2181 qui
964 2114 1018 2164 in
1059 2117 1205 2164 tanta
1245 2129 1316 2178 re,
1357 2118 1461 2164 tam
1504 2114 1641 2165 serio
1682 2118 1932 2181 tempore,
1965 2117 2070 2164 tam

208 2219 521 2271 scurruliter
572 2219 751 2270 ludit?
805 2216 908 2280 Qui
961 2218 1194 2286 denique
1244 2219 1460 2270 omnino
1500 2219 1554 2268 in
1598 2223 1785 2269 senatu
1828 2218 1983 2269 dicax
2024 2222 2075 2269 et

210 2323 448 2376 urbanus
507 2329 558 2376 et
614 2323 787 2375 bellus
846 2328 925 2375 est
940 2322 1001 2374 ?’'
1063 2322 1211 2385 Quae
1269 2322 1430 2375 verba
1494 2323 1681 2389 „dicax
1737 2328 1784 2375 et
1842 2323 2076 2374 urbanus

207 2430 385 2481 hausit
442 2428 654 2482 Plinius
713 2445 742 2480 e
802 2427 994 2480 Catulli
1047 2429 1341 2480 notissimis
1381 2428 1625 2480 versibus
1666 2427 1853 2493 (Carm.
1893 2427 2081 2495 XXII,

207 2536 263 2586 in
304 2535 508 2602 initio):

503 2638 756 2692 Suffenus
794 2641 910 2705 iste,
949 2639 1102 2701 Vare,
1143 2655 1303 2707 quem
1344 2639 1508 2707 probe
1547 2641 1704 2704 nosti,

502 2744 731 2796 Homost
771 2748 1031 2796 venustus
1071 2748 1123 2796 et
1164 2744 1320 2795 dicax
1360 2748 1411 2796 et
1446 2743 1698 2795 urbanus⁰

289 2847 492 2902 Urbani
548 2865 672 2917 ergo
730 2853 856 2900 sunt
914 2848 1079 2900 iocosi.
1138 2847 1241 2899 Sed
1295 2847 1387 2899 ubi
1437 2863 1583 2898 nunc
1637 2851 1798 2899 restat
1835 2849 1985 2899 iocus
2029 2849 2075 2899 si

207 2958 318 3005 tota
368 2954 598 3006 testandi
649 2956 784 3005 ratio
837 2969 946 3004 non
999 2958 1111 3005 erat
1163 2952 1336 3004 seria?
1390 2951 1552 3004 Haud
1593 2951 1752 3003 dubie
1791 2948 2075 3003 testamen-

208 3065 321 3112 tum
383 3060 597 3111 aliudve
655 3060 1034 3110 documentum
1091 3058 1293 3124 fictum,
1349 3074 1458 3108 non
1500 3059 1713 3123 serium,
1751 3059 1826 3109 ita
1865 3058 2075 3126 signare

208 3181 375 3216 ausus
427 3168 565 3216 esset
606 3164 836 3231 quisque
875 3163 1006 3214 civis
1044 3161 1349 3225 Romanus3
1392 3162 1456 3213 ad
1496 3162 1596 3213 hoc
1633 3161 1936 3213 faciendum
1979 3163 2075 3212 mi-

208 3272 352 3321 nime
388 3244 525 3337 opus
565 3272 676 3320 erat
713 3284 915 3320 scurra.
949 3266 1150 3329 Quodsi
1183 3269 1334 3318 iocus
1369 3283 1475 3318 non
1512 3267 1688 3318 audax
1709 3266 1913 3332 fuisset,
1935 3271 2075 3317 certe

209 3390 316 3426 non
377 3375 676 3442 scripsisset
727 3372 1016 3425 Suetonius
1067 3370 1314 3423 nonnulli
1349 3375 1399 3423 et
1439 3372 1555 3423 sine
1595 3371 1757 3422 dubio
1796 3372 1948 3422 iocus
1987 3370 2076 3422 ille

209 3494 315 3529 non
370 3482 589 3530 aetatem
630 3477 839 3529 tulerat.
882 3474 1000 3537 Qua
1037 3475 1101 3527 de
1140 3491 1301 3525 causa
1335 3474 1508 3526 adhuc
1549 3474 1705 3526 credo
1746 3474 1800 3525 id
1843 3473 2076 3525 voluisse

210 3586 506 3634 auctorem:
568 3580 841 3632 Interdum
903 3579 1100 3630 factum
1160 3583 1239 3629 est
1301 3581 1357 3628 ut
1415 3578 1547 3628 civis
1600 3578 1720 3644 quis
1774 3577 1986 3628 iocosus
2026 3580 2078 3627 et
