<?xml version="1.0" encoding="UTF-8"?>
<!DOCTYPE html PUBLIC "-//W3C//DTD XHTML 1.0 Transitional//EN"
    "http://www.w3.org/TR/xhtml1/DTD/xhtml1-transitional.dtd">
<html xmlns="http://www.w3.org/1999/xhtml" xml:lang="en" lang="en">
 <head>
  <title>
</title>
<meta http-equiv="Content-Type" content="text/html;charset=utf-8" />
  <meta name='ocr-system' content='tesseract 3.04.00' />
  <meta name='ocr-capabilities' content='ocr_page ocr_carea ocr_par ocr_line ocrx_word'/>
</head>
<body>
  <div class='ocr_page' id='page_1' title='image "./spicilegiumcriti00koopuoft_0060.png"; bbox 0 0 2462 4186; ppageno 0'>
   <div class='ocr_carea' id='block_1_1' title="bbox 1268 437 1338 486">
    <p class='ocr_par' dir='ltr' id='par_1_1' title="bbox 1268 437 1338 486">
     <span class='ocr_line' id='line_1_1' title="bbox 1268 437 1338 486; baseline 0 0"><span class='ocrx_word' id='word_1_1' title='bbox 1268 437 1338 486; x_wconf 82' lang='lat'>48</span> 
     </span>
    </p>
   </div>
   <div class='ocr_carea' id='block_1_2' title="bbox 357 611 2245 1311">
    <p class='ocr_par' dir='ltr' id='par_1_2' title="bbox 357 611 2245 1311">
     <span class='ocr_line' id='line_1_2' title="bbox 357 611 2231 683; baseline 0 -18"><span class='ocrx_word' id='word_1_2' title='bbox 357 614 749 683; x_wconf 80' lang='lat' dir='ltr'>interpolatoris</span> <span class='ocrx_word' id='word_1_3' title='bbox 790 612 1063 678; x_wconf 81' lang='lat' dir='ltr'>emblema,</span> <span class='ocrx_word' id='word_1_4' title='bbox 1096 611 1459 679; x_wconf 84' lang='lat' dir='ltr'>Suetonioque</span> <span class='ocrx_word' id='word_1_5' title='bbox 1494 612 1588 663; x_wconf 82' lang='lat' dir='ltr'>vix</span> <span class='ocrx_word' id='word_1_6' title='bbox 1618 611 1779 681; x_wconf 89' lang='lat' dir='ltr'>digna</span> <span class='ocrx_word' id='word_1_7' title='bbox 1812 628 1942 665; x_wconf 77' lang='lat' dir='ltr'>esse,</span> <span class='ocrx_word' id='word_1_8' title='bbox 1963 613 2049 665; x_wconf 91' lang='lat' dir='ltr'>Ad</span> <span class='ocrx_word' id='word_1_9' title='bbox 2072 630 2231 682; x_wconf 89' lang='lat' dir='ltr'>quam</span> 
     </span>
     <span class='ocr_line' id='line_1_3' title="bbox 360 716 2240 788; baseline -0.001 -17"><span class='ocrx_word' id='word_1_10' title='bbox 360 720 664 788; x_wconf 88' lang='lat' dir='ltr'>opinionem</span> <span class='ocrx_word' id='word_1_11' title='bbox 723 720 881 771; x_wconf 92' lang='lat' dir='ltr'>etiam</span> <span class='ocrx_word' id='word_1_12' title='bbox 943 733 1027 769; x_wconf 93' lang='lat' dir='ltr'>me</span> <span class='ocrx_word' id='word_1_13' title='bbox 1079 717 1298 786; x_wconf 84' lang='lat' dir='ltr'>adpellit</span> <span class='ocrx_word' id='word_1_14' title='bbox 1349 721 1533 769; x_wconf 85' lang='lat' dir='ltr'>textus</span> <span class='ocrx_word' id='word_1_15' title='bbox 1574 716 1910 771; x_wconf 88' lang='lat' dir='ltr'>Monumenti</span> <span class='ocrx_word' id='word_1_16' title='bbox 1947 719 2240 787; x_wconf 74' lang='lat' dir='ltr'>Ancyram,</span> 
     </span>
     <span class='ocr_line' id='line_1_4' title="bbox 359 820 2239 893; baseline 0.001 -19"><span class='ocrx_word' id='word_1_17' title='bbox 359 823 453 875; x_wconf 92' lang='lat' dir='ltr'>ubi</span> <span class='ocrx_word' id='word_1_18' title='bbox 511 823 644 875; x_wconf 93' lang='lat' dir='ltr'>nihil</span> <span class='ocrx_word' id='word_1_19' title='bbox 702 823 767 875; x_wconf 91' lang='lat' dir='ltr'>de</span> <span class='ocrx_word' id='word_1_20' title='bbox 822 823 1076 890; x_wconf 89' lang='lat' dir='ltr'>temporis</span> <span class='ocrx_word' id='word_1_21' title='bbox 1129 820 1368 874; x_wconf 86' lang='lat' dir='ltr'>breviore</span> <span class='ocrx_word' id='word_1_22' title='bbox 1422 822 1591 890; x_wconf 88' lang='lat' dir='ltr'>spatio</span> <span class='ocrx_word' id='word_1_23' title='bbox 1643 822 1886 891; x_wconf 81' lang='lat' dir='ltr'>legimuS,</span> <span class='ocrx_word' id='word_1_24' title='bbox 1927 839 2049 875; x_wconf 89' lang='lat' dir='ltr'>cum</span> <span class='ocrx_word' id='word_1_25' title='bbox 2090 839 2239 893; x_wconf 86' lang='lat' dir='ltr'>prae-</span> 
     </span>
     <span class='ocr_line' id='line_1_5' title="bbox 360 926 2242 982; baseline 0.001 -2"><span class='ocrx_word' id='word_1_26' title='bbox 360 928 540 980; x_wconf 85' lang='lat' dir='ltr'>sertim</span> <span class='ocrx_word' id='word_1_27' title='bbox 595 926 1006 979; x_wconf 80' lang='lat' dir='ltr'>Monumentum</span> <span class='ocrx_word' id='word_1_28' title='bbox 1056 926 1199 978; x_wconf 89' lang='lat' dir='ltr'>haud</span> <span class='ocrx_word' id='word_1_29' title='bbox 1253 926 1416 979; x_wconf 89' lang='lat' dir='ltr'>dubie</span> <span class='ocrx_word' id='word_1_30' title='bbox 1469 929 1674 980; x_wconf 87' lang='lat' dir='ltr'>aucto-ri</span> <span class='ocrx_word' id='word_1_31' title='bbox 1725 928 1846 980; x_wconf 89' lang='lat' dir='ltr'>fons</span> <span class='ocrx_word' id='word_1_32' title='bbox 1891 928 2054 981; x_wconf 89' lang='lat' dir='ltr'>fuerit</span> <span class='ocrx_word' id='word_1_33' title='bbox 2095 929 2242 982; x_wconf 89' lang='lat' dir='ltr'>unde</span> 
     </span>
     <span class='ocr_line' id='line_1_6' title="bbox 361 1032 2239 1103; baseline 0 -17"><span class='ocrx_word' id='word_1_34' title='bbox 361 1035 540 1086; x_wconf 90' lang='lat' dir='ltr'>hausit</span> <span class='ocrx_word' id='word_1_35' title='bbox 579 1034 708 1086; x_wconf 86' lang='lat' dir='ltr'>haec</span> <span class='ocrx_word' id='word_1_36' title='bbox 747 1034 941 1085; x_wconf 91' lang='lat' dir='ltr'>omnia.</span> <span class='ocrx_word' id='word_1_37' title='bbox 982 1032 1199 1085; x_wconf 84' lang='lat' dir='ltr'>Sublato</span> <span class='ocrx_word' id='word_1_38' title='bbox 1241 1049 1366 1102; x_wconf 89' lang='lat' dir='ltr'>ergo</span> <span class='ocrx_word' id='word_1_39' title='bbox 1407 1034 1506 1085; x_wconf 86' lang='lat' dir='ltr'>hoo</span> <span class='ocrx_word' id='word_1_40' title='bbox 1547 1033 1861 1087; x_wconf 89' lang='lat' dir='ltr'>emblemate</span> <span class='ocrx_word' id='word_1_41' title='bbox 1900 1036 2239 1103; x_wconf 89' lang='lat' dir='ltr'>potissimum</span> 
     </span>
     <span class='ocr_line' id='line_1_7' title="bbox 361 1138 2245 1209; baseline 0.002 -20"><span class='ocrx_word' id='word_1_42' title='bbox 361 1154 422 1190; x_wconf 91' lang='lat' dir='ltr'>eo</span> <span class='ocrx_word' id='word_1_43' title='bbox 483 1138 638 1190; x_wconf 91' lang='lat' dir='ltr'>modo</span> <span class='ocrx_word' id='word_1_44' title='bbox 698 1139 1014 1190; x_wconf 86' lang='lat' dir='ltr'>sententiam</span> <span class='ocrx_word' id='word_1_45' title='bbox 1075 1141 1310 1190; x_wconf 87' lang='lat' dir='ltr'>nostram</span> <span class='ocrx_word' id='word_1_46' title='bbox 1370 1139 1628 1208; x_wconf 86' lang='lat' dir='ltr'>legerem:</span> <span class='ocrx_word' id='word_1_47' title='bbox 1690 1139 1888 1192; x_wconf 90' lang='lat' dir='ltr'>Ianum</span> <span class='ocrx_word' id='word_1_48' title='bbox 1946 1140 2245 1209; x_wconf 73' lang='lat' dir='ltr'>Quirinum,</span> 
     </span>
     <span class='ocr_line' id='line_1_8' title="bbox 359 1243 2242 1311; baseline 0.001 -15"><span class='ocrx_word' id='word_1_49' title='bbox 359 1243 512 1296; x_wconf 82' lang='lat' dir='ltr'>semel</span> <span class='ocrx_word' id='word_1_50' title='bbox 567 1247 723 1311; x_wconf 80' lang='lat' dir='ltr'>atque</span> <span class='ocrx_word' id='word_1_51' title='bbox 781 1245 967 1296; x_wconf 88' lang='lat' dir='ltr'>iterum</span> <span class='ocrx_word' id='word_1_52' title='bbox 1023 1260 1059 1295; x_wconf 94' lang='lat' dir='ltr'>a</span> <span class='ocrx_word' id='word_1_53' title='bbox 1115 1243 1320 1296; x_wconf 76' lang='lat' dir='ltr'>condita</span> <span class='ocrx_word' id='word_1_54' title='bbox 1378 1244 1506 1296; x_wconf 87' lang='lat' dir='ltr'>urbe</span> <span class='ocrx_word' id='word_1_55' title='bbox 1564 1248 1686 1297; x_wconf 87' lang='lat' dir='ltr'>ante</span> <span class='ocrx_word' id='word_1_56' title='bbox 1741 1246 2037 1298; x_wconf 83' lang='lat' dir='ltr'>memoriam</span> <span class='ocrx_word' id='word_1_57' title='bbox 2090 1263 2242 1299; x_wconf 88' lang='lat' dir='ltr'>suam</span> 
     </span>
    </p>
   </div>
   <div class='ocr_carea' id='block_1_3' title="bbox 363 1349 1762 1419">
    <p class='ocr_par' dir='ltr' id='par_1_3' title="bbox 363 1349 1762 1419">
     <span class='ocr_line' id='line_1_9' title="bbox 363 1349 1762 1419; baseline 0.001 -19"><span class='ocrx_word' id='word_1_58' title='bbox 363 1350 612 1418; x_wconf 86' lang='lat' dir='ltr'>clausum,</span> <span class='ocrx_word' id='word_1_59' title='bbox 652 1353 797 1402; x_wconf 88' lang='lat' dir='ltr'>terra</span> <span class='ocrx_word' id='word_1_60' title='bbox 832 1350 1070 1419; x_wconf 81' lang='lat' dir='ltr'>marique</span> <span class='ocrx_word' id='word_1_61' title='bbox 1099 1367 1233 1418; x_wconf 78' lang='lat' dir='ltr'>paee</span> <span class='ocrx_word' id='word_1_62' title='bbox 1262 1353 1422 1418; x_wconf 76' lang='lat' dir='ltr'>parte</span> <span class='ocrx_word' id='word_1_63' title='bbox 1459 1349 1762 1402; x_wconf 75' lang='lat' dir='ltr'>interclusit.</span> 
     </span>
    </p>
   </div>
   <div class='ocr_carea' id='block_1_4' title="bbox 668 1635 2246 1918">
    <p class='ocr_par' dir='ltr' id='par_1_4' title="bbox 668 1635 2246 1918">
     <span class='ocr_line' id='line_1_10' title="bbox 668 1635 2245 1708; baseline 0.002 -18"><span class='ocrx_word' id='word_1_64' title='bbox 668 1636 791 1706; x_wconf 77' lang='lat' dir='ltr'>Cap.</span> <span class='ocrx_word' id='word_1_65' title='bbox 846 1638 930 1688; x_wconf 88' lang='lat'>24.</span> <span class='ocrx_word' id='word_1_66' title='bbox 986 1635 1256 1690; x_wconf 79' lang='lat' dir='ltr'>Decimam</span> <span class='ocrx_word' id='word_1_67' title='bbox 1299 1637 1547 1706; x_wconf 75' lang='lat' dir='ltr'>leyionem</span> <span class='ocrx_word' id='word_1_68' title='bbox 1586 1638 1938 1691; x_wconf 75' lang='lat' dir='ltr'>contumacius</span> <span class='ocrx_word' id='word_1_69' title='bbox 1966 1645 2245 1708; x_wconf 81' lang='lat' dir='ltr'>parentem</span> 
     </span>
     <span class='ocr_line' id='line_1_11' title="bbox 735 1742 2246 1810; baseline 0.002 -16"><span class='ocrx_word' id='word_1_70' title='bbox 735 1760 848 1794; x_wconf 87' lang='lat' dir='ltr'>eum</span> <span class='ocrx_word' id='word_1_71' title='bbox 887 1742 1174 1810; x_wconf 72' lang='lat' dir='ltr'>iynominia</span> <span class='ocrx_word' id='word_1_72' title='bbox 1211 1748 1369 1795; x_wconf 89' lang='lat' dir='ltr'>totam</span> <span class='ocrx_word' id='word_1_73' title='bbox 1407 1743 1619 1810; x_wconf 81' lang='lat' dir='ltr'>dimisit,</span> <span class='ocrx_word' id='word_1_74' title='bbox 1657 1744 1778 1795; x_wconf 89' lang='lat' dir='ltr'>item</span> <span class='ocrx_word' id='word_1_75' title='bbox 1799 1743 1935 1796; x_wconf 84' lang='lat' dir='ltr'>alias</span> <span class='ocrx_word' id='word_1_76' title='bbox 1954 1744 2246 1798; x_wconf 80' lang='lat' dir='ltr'>immodeste</span> 
     </span>
     <span class='ocr_line' id='line_1_12' title="bbox 733 1847 2245 1918; baseline 0.002 -19"><span class='ocrx_word' id='word_1_77' title='bbox 733 1849 1024 1901; x_wconf 88' lang='lat' dir='ltr'>miss-ionem</span> <span class='ocrx_word' id='word_1_78' title='bbox 1074 1847 1404 1918; x_wconf 73' lang='lat' dir='ltr'>postulantes</span> <span class='ocrx_word' id='word_1_79' title='bbox 1443 1848 1577 1900; x_wconf 84' lang='lat' dir='ltr'>eitra</span> <span class='ocrx_word' id='word_1_80' title='bbox 1618 1847 1878 1901; x_wconf 80' lang='lat' dir='ltr'>commoda</span> <span class='ocrx_word' id='word_1_81' title='bbox 1918 1850 2245 1902; x_wconf 86' lang='lat' dir='ltr'>emeritorum</span> 
     </span>
    </p>
   </div>
   <div class='ocr_carea' id='block_1_5' title="bbox 725 1954 1489 2022">
    <p class='ocr_par' dir='ltr' id='par_1_5' title="bbox 725 1954 1489 2022">
     <span class='ocr_line' id='line_1_13' title="bbox 725 1954 1489 2022; baseline -0.001 -16"><span class='ocrx_word' id='word_1_82' title='bbox 725 1955 1088 2022; x_wconf 77' lang='lat' dir='ltr'>praemiorum</span> <span class='ocrx_word' id='word_1_83' title='bbox 1125 1954 1489 2006; x_wconf 73' lang='lat' dir='ltr'>exauctoravit.</span> 
     </span>
    </p>
   </div>
   <div class='ocr_carea' id='block_1_6' title="bbox 363 2190 2248 3521">
    <p class='ocr_par' dir='ltr' id='par_1_6' title="bbox 363 2190 2248 3521">
     <span class='ocr_line' id='line_1_14' title="bbox 438 2190 2242 2260; baseline 0.001 -17"><span class='ocrx_word' id='word_1_84' title='bbox 438 2190 617 2243; x_wconf 88' lang='lat' dir='ltr'>Verba</span> <span class='ocrx_word' id='word_1_85' title='bbox 673 2190 935 2243; x_wconf 80' lang='lat' dir='ltr'>commoda</span> <span class='ocrx_word' id='word_1_86' title='bbox 991 2191 1321 2243; x_wconf 81' lang='lat' dir='ltr'>emeritorum</span> <span class='ocrx_word' id='word_1_87' title='bbox 1373 2190 1730 2256; x_wconf 78' lang='lat' dir='ltr'>praemiorum</span> <span class='ocrx_word' id='word_1_88' title='bbox 1787 2192 2078 2260; x_wconf 85' lang='lat' dir='ltr'>tautologia</span> <span class='ocrx_word' id='word_1_89' title='bbox 2134 2208 2242 2244; x_wconf 90' lang='lat' dir='ltr'>non</span> 
     </span>
     <span class='ocr_line' id='line_1_15' title="bbox 363 2296 2246 2366; baseline 0.002 -18"><span class='ocrx_word' id='word_1_90' title='bbox 363 2296 582 2349; x_wconf 90' lang='lat' dir='ltr'>ferenda</span> <span class='ocrx_word' id='word_1_91' title='bbox 640 2296 881 2350; x_wconf 90' lang='lat' dir='ltr'>laborare</span> <span class='ocrx_word' id='word_1_92' title='bbox 938 2298 1043 2349; x_wconf 90' lang='lat' dir='ltr'>iam</span> <span class='ocrx_word' id='word_1_93' title='bbox 1097 2299 1307 2349; x_wconf 88' lang='lat' dir='ltr'>monuit</span> <span class='ocrx_word' id='word_1_94' title='bbox 1346 2296 1975 2366; x_wconf 86' lang='lat' dir='ltr'>Baumgarten-Crusius,</span> <span class='ocrx_word' id='word_1_95' title='bbox 2015 2303 2067 2351; x_wconf 92' lang='lat' dir='ltr'>et</span> <span class='ocrx_word' id='word_1_96' title='bbox 2105 2303 2246 2352; x_wconf 86' lang='lat' dir='ltr'>reete</span> 
     </span>
     <span class='ocr_line' id='line_1_16' title="bbox 367 2402 2246 2471; baseline 0.002 -17"><span class='ocrx_word' id='word_1_97' title='bbox 367 2403 598 2470; x_wconf 90' lang='lat' dir='ltr'>quidem,</span> <span class='ocrx_word' id='word_1_98' title='bbox 655 2419 779 2454; x_wconf 90' lang='lat' dir='ltr'>nam</span> <span class='ocrx_word' id='word_1_99' title='bbox 820 2402 1079 2455; x_wconf 83' lang='lat' dir='ltr'>commoda</span> <span class='ocrx_word' id='word_1_100' title='bbox 1120 2406 1171 2454; x_wconf 90' lang='lat' dir='ltr'>et</span> <span class='ocrx_word' id='word_1_101' title='bbox 1198 2402 1445 2471; x_wconf 77' lang='lat' dir='ltr'>praemia</span> <span class='ocrx_word' id='word_1_102' title='bbox 1483 2418 1703 2471; x_wconf 88' lang='lat' dir='ltr'>prorsus</span> <span class='ocrx_word' id='word_1_103' title='bbox 1744 2403 1884 2455; x_wconf 88' lang='lat' dir='ltr'>idem</span> <span class='ocrx_word' id='word_1_104' title='bbox 1926 2404 2117 2456; x_wconf 86' lang='lat' dir='ltr'>valent.</span> <span class='ocrx_word' id='word_1_105' title='bbox 2157 2403 2246 2457; x_wconf 82' lang='lat' dir='ltr'>Sic</span> 
     </span>
     <span class='ocr_line' id='line_1_17' title="bbox 363 2507 2245 2577; baseline 0.001 -18"><span class='ocrx_word' id='word_1_106' title='bbox 363 2508 594 2576; x_wconf 90' lang='lat' dir='ltr'>legimus</span> <span class='ocrx_word' id='word_1_107' title='bbox 653 2508 796 2577; x_wconf 89' lang='lat' dir='ltr'>apud</span> <span class='ocrx_word' id='word_1_108' title='bbox 849 2512 1119 2560; x_wconf 81' lang='lat' dir='ltr'>auctorem</span> <span class='ocrx_word' id='word_1_109' title='bbox 1174 2511 1447 2559; x_wconf 89' lang='lat' dir='ltr'>nostrum:</span> <span class='ocrx_word' id='word_1_110' title='bbox 1490 2507 1630 2575; x_wconf 89' lang='lat' dir='ltr'>Aug.</span> <span class='ocrx_word' id='word_1_111' title='bbox 1671 2523 1782 2576; x_wconf 79' lang='lat' dir='ltr'>cap.</span> <span class='ocrx_word' id='word_1_112' title='bbox 1824 2509 1924 2559; x_wconf 82' lang='lat'>49:</span> <span class='ocrx_word' id='word_1_113' title='bbox 1972 2548 1997 2576; x_wconf 90' lang='lat'>„</span> <span class='ocrx_word' id='word_1_114' title='bbox 2023 2549 2033 2560; x_wconf 94' lang='lat'><strong>.</strong></span> <span class='ocrx_word' id='word_1_115' title='bbox 2178 2508 2245 2561; x_wconf 89' lang='lat' dir='ltr'>ad</span> 
     </span>
     <span class='ocr_line' id='line_1_18' title="bbox 368 2612 2246 2688; baseline 0.001 -24"><span class='ocrx_word' id='word_1_116' title='bbox 368 2616 564 2665; x_wconf 83' lang='lat' dir='ltr'>certam</span> <span class='ocrx_word' id='word_1_117' title='bbox 638 2613 1027 2681; x_wconf 88' lang='lat' dir='ltr'>stipendiorum</span> <span class='ocrx_word' id='word_1_118' title='bbox 1086 2613 1553 2688; x_wconf 79' lang='lat' dir='ltr'>praemiorumque</span> <span class='ocrx_word' id='word_1_119' title='bbox 1605 2612 1889 2664; x_wconf 87' lang='lat' dir='ltr'>formulam</span> <span class='ocrx_word' id='word_1_120' title='bbox 1943 2613 2246 2682; x_wconf 87' lang='lat' dir='ltr'>adstrinxit,</span> 
     </span>
     <span class='ocr_line' id='line_1_19' title="bbox 368 2716 2246 2787; baseline 0.001 -17"><span class='ocrx_word' id='word_1_121' title='bbox 368 2718 740 2772; x_wconf 89' lang='lat' dir='ltr'>definitis....</span> <span class='ocrx_word' id='word_1_122' title='bbox 795 2719 1088 2771; x_wconf 84' lang='lat' dir='ltr'>commodis</span> <span class='ocrx_word' id='word_1_123' title='bbox 1142 2717 1525 2783; x_wconf 83' lang='lat' dir='ltr'>missionum’&#39;;</span> <span class='ocrx_word' id='word_1_124' title='bbox 1568 2716 1730 2786; x_wconf 85' lang='lat' dir='ltr'>Calig.</span> <span class='ocrx_word' id='word_1_125' title='bbox 1771 2734 1881 2787; x_wconf 86' lang='lat' dir='ltr'>oap.</span> <span class='ocrx_word' id='word_1_126' title='bbox 1922 2720 2022 2770; x_wconf 87' lang='lat'>44:</span> <span class='ocrx_word' id='word_1_127' title='bbox 2071 2735 2246 2785; x_wconf 87' lang='lat' dir='ltr'>„oom-</span> 
     </span>
     <span class='ocr_line' id='line_1_20' title="bbox 370 2822 2242 2899; baseline 0.001 -23"><span class='ocrx_word' id='word_1_128' title='bbox 370 2825 525 2876; x_wconf 92' lang='lat' dir='ltr'>moda</span> <span class='ocrx_word' id='word_1_129' title='bbox 564 2825 814 2877; x_wconf 89' lang='lat' dir='ltr'>emeritae</span> <span class='ocrx_word' id='word_1_130' title='bbox 854 2823 1138 2889; x_wconf 88' lang='lat' dir='ltr'>militiae’&#39;;</span> <span class='ocrx_word' id='word_1_131' title='bbox 1180 2822 1339 2890; x_wconf 88' lang='lat' dir='ltr'>Ner0,</span> <span class='ocrx_word' id='word_1_132' title='bbox 1379 2839 1487 2891; x_wconf 85' lang='lat' dir='ltr'>cap.</span> <span class='ocrx_word' id='word_1_133' title='bbox 1530 2824 1647 2899; x_wconf 14' lang='lat'>322]</span> <span class='ocrx_word' id='word_1_134' title='bbox 1676 2823 1973 2891; x_wconf 88' lang='lat' dir='ltr'>„stipendia</span> <span class='ocrx_word' id='word_1_135' title='bbox 2012 2824 2242 2877; x_wconf 91' lang='lat' dir='ltr'>militum</span> 
     </span>
     <span class='ocr_line' id='line_1_21' title="bbox 369 2927 2245 2996; baseline 0 -14"><span class='ocrx_word' id='word_1_136' title='bbox 369 2934 419 2982; x_wconf 92' lang='lat' dir='ltr'>et</span> <span class='ocrx_word' id='word_1_137' title='bbox 477 2930 754 2982; x_wconf 84' lang='lat' dir='ltr'>commoda</span> <span class='ocrx_word' id='word_1_138' title='bbox 807 2927 1244 2994; x_wconf 86' lang='lat' dir='ltr'>veteranorum&#39;’;</span> <span class='ocrx_word' id='word_1_139' title='bbox 1304 2927 1486 2995; x_wconf 81' lang='lat' dir='ltr'>Galba,</span> <span class='ocrx_word' id='word_1_140' title='bbox 1524 2944 1634 2996; x_wconf 81' lang='lat' dir='ltr'>cap.</span> <span class='ocrx_word' id='word_1_141' title='bbox 1680 2928 1775 2979; x_wconf 83' lang='lat'>12:</span> <span class='ocrx_word' id='word_1_142' title='bbox 1822 2927 2245 2995; x_wconf 81' lang='lat' dir='ltr'>„Germanorum</span> 
     </span>
     <span class='ocr_line' id='line_1_22' title="bbox 370 3032 2245 3102; baseline 0 -15"><span class='ocrx_word' id='word_1_143' title='bbox 370 3036 637 3087; x_wconf 84' lang='lat' dir='ltr'>eohortem</span> <span class='ocrx_word' id='word_1_144' title='bbox 680 3036 796 3087; x_wconf 91' lang='lat' dir='ltr'>sine</span> <span class='ocrx_word' id='word_1_145' title='bbox 835 3034 946 3086; x_wconf 90' lang='lat' dir='ltr'>ullo</span> <span class='ocrx_word' id='word_1_146' title='bbox 986 3034 1264 3086; x_wconf 81' lang='lat' dir='ltr'>commodo</span> <span class='ocrx_word' id='word_1_147' title='bbox 1291 3034 1510 3086; x_wconf 77' lang='lat' dir='ltr'>remisit</span> <span class='ocrx_word' id='word_1_148' title='bbox 1547 3034 1603 3084; x_wconf 90' lang='lat' dir='ltr'>in</span> <span class='ocrx_word' id='word_1_149' title='bbox 1644 3032 1931 3102; x_wconf 85' lang='lat' dir='ltr'>patriam”;</span> <span class='ocrx_word' id='word_1_150' title='bbox 1978 3038 2030 3086; x_wconf 92' lang='lat' dir='ltr'>et</span> <span class='ocrx_word' id='word_1_151' title='bbox 2069 3034 2245 3087; x_wconf 90' lang='lat' dir='ltr'>Vitell.</span> 
     </span>
     <span class='ocr_line' id='line_1_23' title="bbox 370 3117 2248 3208; baseline 0.001 -17"><span class='ocrx_word' id='word_1_152' title='bbox 370 3117 487 3208; x_wconf 70' lang='lat' dir='ltr'>oap.⁴</span> <span class='ocrx_word' id='word_1_153' title='bbox 543 3141 637 3191; x_wconf 86' lang='lat'>15:</span> <span class='ocrx_word' id='word_1_154' title='bbox 698 3143 922 3206; x_wconf 89' lang='lat' dir='ltr'>„ut....</span> <span class='ocrx_word' id='word_1_155' title='bbox 978 3143 1350 3192; x_wconf 89' lang='lat' dir='ltr'>veteranorum</span> <span class='ocrx_word' id='word_1_156' title='bbox 1391 3139 1672 3206; x_wconf 90' lang='lat' dir='ltr'>iustaeque</span> <span class='ocrx_word' id='word_1_157' title='bbox 1712 3138 1931 3192; x_wconf 90' lang='lat' dir='ltr'>militiae</span> <span class='ocrx_word' id='word_1_158' title='bbox 1970 3140 2248 3193; x_wconf 85' lang='lat' dir='ltr'>commoda</span> 
     </span>
     <span class='ocr_line' id='line_1_24' title="bbox 370 3241 2247 3312; baseline 0.002 -17"><span class='ocrx_word' id='word_1_159' title='bbox 370 3242 760 3312; x_wconf 84' lang='lat' dir='ltr'>polliceretur.&#39;&#39;</span> <span class='ocrx_word' id='word_1_160' title='bbox 812 3242 984 3311; x_wconf 87' lang='lat' dir='ltr'>Igitur</span> <span class='ocrx_word' id='word_1_161' title='bbox 1033 3243 1169 3295; x_wconf 82' lang='lat' dir='ltr'>eitra</span> <span class='ocrx_word' id='word_1_162' title='bbox 1219 3241 1481 3295; x_wconf 81' lang='lat' dir='ltr'>commoda</span> <span class='ocrx_word' id='word_1_163' title='bbox 1532 3242 1858 3295; x_wconf 83' lang='lat' dir='ltr'>emeritorum</span> <span class='ocrx_word' id='word_1_164' title='bbox 1892 3245 2247 3309; x_wconf 78' lang='lat' dir='ltr'>praemiorum</span> 
     </span>
     <span class='ocr_line' id='line_1_25' title="bbox 371 3346 2248 3418; baseline 0.002 -19"><span class='ocrx_word' id='word_1_165' title='bbox 371 3348 511 3400; x_wconf 90' lang='lat' dir='ltr'>idem</span> <span class='ocrx_word' id='word_1_166' title='bbox 573 3348 711 3400; x_wconf 87' lang='lat' dir='ltr'>valet</span> <span class='ocrx_word' id='word_1_167' title='bbox 763 3364 823 3400; x_wconf 87' lang='lat' dir='ltr'>ac</span> <span class='ocrx_word' id='word_1_168' title='bbox 875 3348 988 3400; x_wconf 89' lang='lat' dir='ltr'>sine</span> <span class='ocrx_word' id='word_1_169' title='bbox 1034 3347 1284 3413; x_wconf 80' lang='lat' dir='ltr'>praemiis</span> <span class='ocrx_word' id='word_1_170' title='bbox 1333 3346 1661 3399; x_wconf 85' lang='lat' dir='ltr'>emeritorum</span> <span class='ocrx_word' id='word_1_171' title='bbox 1695 3347 2062 3418; x_wconf 81' lang='lat' dir='ltr'>praemiorum,</span> <span class='ocrx_word' id='word_1_172' title='bbox 2103 3350 2248 3418; x_wconf 91' lang='lat' dir='ltr'>quod</span> 
     </span>
     <span class='ocr_line' id='line_1_26' title="bbox 373 3457 1098 3521; baseline 0.001 -16"><span class='ocrx_word' id='word_1_173' title='bbox 373 3470 562 3505; x_wconf 87' lang='lat' dir='ltr'>sanum</span> <span class='ocrx_word' id='word_1_174' title='bbox 604 3469 721 3505; x_wconf 89' lang='lat' dir='ltr'>esse</span> <span class='ocrx_word' id='word_1_175' title='bbox 762 3469 867 3504; x_wconf 92' lang='lat' dir='ltr'>non</span> <span class='ocrx_word' id='word_1_176' title='bbox 911 3457 1098 3521; x_wconf 88' lang='lat' dir='ltr'>potest.</span> 
     </span>
    </p>
   </div>
   <div class='ocr_carea' id='block_1_7' title="bbox 446 3555 2244 3626">
    <p class='ocr_par' dir='ltr' id='par_1_7' title="bbox 446 3555 2244 3626">
     <span class='ocr_line' id='line_1_27' title="bbox 446 3555 2244 3626; baseline 0.002 -18"><span class='ocrx_word' id='word_1_177' title='bbox 446 3557 488 3608; x_wconf 79' lang='lat' dir='ltr'>E</span> <span class='ocrx_word' id='word_1_178' title='bbox 540 3558 857 3626; x_wconf 86' lang='lat' dir='ltr'>glossemate</span> <span class='ocrx_word' id='word_1_179' title='bbox 897 3559 1151 3609; x_wconf 88' lang='lat' dir='ltr'>nimirum</span> <span class='ocrx_word' id='word_1_180' title='bbox 1195 3556 1511 3608; x_wconf 83' lang='lat' dir='ltr'>vocabulum</span> <span class='ocrx_word' id='word_1_181' title='bbox 1548 3555 1900 3623; x_wconf 80' lang='lat' dir='ltr'>praemiorum</span> <span class='ocrx_word' id='word_1_182' title='bbox 1939 3558 1994 3609; x_wconf 91' lang='lat' dir='ltr'>in</span> <span class='ocrx_word' id='word_1_183' title='bbox 2036 3562 2244 3611; x_wconf 81' lang='lat' dir='ltr'>textum</span> 
     </span>
    </p>
   </div>
  </div>
 </body>
</html>
