2462 4186
1255 415 1321 466 72

344 586 595 641 sollemne.
649 588 751 641 Sed
795 588 995 658 duplex
1034 590 1365 659 propositum
1410 590 1590 642 Atiam
1632 590 1697 642 ad
1739 591 2005 660 Apollinis
2043 590 2225 644 aedem

347 692 515 745 duxit.
575 693 740 746 Venit
780 695 1013 763 'quoque
1072 695 1139 747 ad
1198 695 1554 766 pervigilium,
1616 699 1676 748 ut
1735 711 1892 765 saepe
1930 696 2136 748 faciunt
2173 696 2227 764 ii,

347 798 456 865 qui,
515 798 719 867 privata
759 798 1032 868 religione,
1071 799 1157 851 vel
1199 799 1382 852 morbo
1425 800 1509 853 vel
1550 799 1710 852 alicui
1750 800 1888 852 malo
1928 801 2226 855 remedium

347 907 626 971 quaerunt,
678 907 729 957 et
782 920 897 956 eam
952 903 1018 956 ob
1059 921 1276 958 causam
1318 921 1379 958 ea
1421 905 1532 957 sola
1572 905 1757 958 lectica
1796 905 1903 958 lata
1942 909 2036 959 est.
2077 906 2229 960 Post-

346 1026 506 1078 quam
568 1025 693 1078 ergo
752 1015 954 1062 ceterae
1012 1014 1302 1079 matronae,
1356 1012 1519 1063 sacris
1558 1010 1788 1080 publicis
1831 1012 1929 1064 rite
1967 1011 2231 1081 perfectiS,

346 1114 564 1166 domum
623 1118 975 1181 reverterunt,
1034 1115 1162 1167 Atia
1221 1115 1334 1167 sola
1391 1118 1632 1168 remanet
1684 1116 1740 1167 in
1794 1117 2006 1186 tempIO,
2045 1116 2230 1187 ibique

347 1218 705 1271 obdormiscit.
748 1218 852 1281 Qui
893 1220 1033 1272 enim
1077 1221 1285 1272 somnia
1326 1219 1609 1289 captabant
1648 1221 1745 1273 soli
1785 1222 1840 1273 in
1875 1222 2131 1291 templum
2154 1224 2230 1276 ire

346 1324 531 1376 solent.
589 1325 768 1376 Atiam
828 1325 997 1377 solam
1056 1341 1173 1378 esse
1231 1326 1288 1377 in
1343 1326 1540 1395 templo
1582 1342 1677 1395 pro
1712 1331 1858 1380 certo
1902 1327 2085 1381 habeo.
2127 1328 2231 1382 Sed

348 1429 443 1482 ubi
494 1446 639 1482 nunc
691 1433 819 1482 sunt
859 1434 1062 1483 ceterae
1103 1433 1392 1500 matronae,
1431 1447 1569 1500 quae
1608 1431 1920 1494 dormiunt?
1960 1432 2228 1487 Nimirum

346 1535 496 1588 domi.
549 1534 746 1587 Narrat
799 1534 1091 1588 Suetonius
1145 1539 1413 1589 matronas
1467 1537 1713 1605 dormire,
1763 1538 1856 1591 sed
1904 1554 2008 1590 non
2051 1544 2234 1593 narrat

348 1639 455 1692 ubi.
516 1639 560 1690 Ε
626 1638 804 1692 verbis
857 1641 973 1692 eius
1015 1644 1249 1710 apparet,
1288 1645 1349 1693 ut
1389 1658 1549 1710 supra
1587 1643 1898 1711 monstravi,
1937 1643 1992 1695 in
2035 1645 2231 1714 templo

348 1746 402 1798 id
441 1746 557 1798 fieri
596 1762 705 1797 non
746 1761 916 1814 posse,
958 1761 1084 1815 ergo
1125 1746 1399 1799 dormiunt
1438 1746 1586 1799 domi.
1623 1745 1779 1809 Quod
1817 1747 2139 1802 vocabulum
2162 1749 2229 1802 ob

351 1868 596 1921 magnam
657 1851 953 1904 litterarum
1005 1851 1414 1905 similitudinem
1463 1852 1714 1922 perfacile
1751 1855 2100 1923 praetermitti
2139 1872 2230 1925 po-

350 1959 466 2010 tuit.
506 1957 805 2010 Levissima
842 1958 1009 2027 igitur
1048 1959 1342 2010 mutatione
1381 1958 1667 2027 legendum
1700 1963 2007 2028 ‘proponere
2040 1961 2229 2013 velim:

351 2066 477 2118 dam
516 2067 711 2117 ceterae
748 2067 1019 2117 matronae
1058 2063 1197 2117 domi
1235 2063 1537 2118 dormirent.

655 2282 780 2349 Gap.
824 2283 906 2335 95.
948 2282 1077 2336 Post
1113 2300 1282 2336 necem
1325 2282 1569 2337 Caesaris
1605 2300 1808 2337 reverso
1846 2283 1913 2337 ab
1951 2283 2233 2354 Apollonia

725 2391 774 2440 et
820 2387 1142 2456 inyrediente
1190 2405 1244 2442 eo
1294 2388 1486 2457 urbem,
1523 2392 1730 2455 repente
1766 2389 1964 2459 liquido
2003 2407 2064 2442 ac
2099 2406 2236 2455 puro

722 2510 903 2548 sereno
953 2494 1178 2547 circulus
1230 2495 1302 2548 ad
1348 2495 1562 2561 speciem
1598 2495 1829 2549 caelestis
1867 2513 2026 2549 arcus
2065 2497 2235 2551 orbem

729 2599 852 2653 solis
887 2599 1082 2668 ambiit,
1120 2617 1183 2652 ac
1220 2599 1441 2653 subinde
1479 2599 1650 2653 Iuliae
1689 2601 1929 2653 Caesaris
1954 2600 2101 2667 filiae
2133 2619 2234 2656 mo-

729 2705 1017 2759 nimentum
1054 2705 1278 2774 fulmine
1315 2706 1472 2758 ictam
1508 2711 1595 2759 est.

434 2904 576 2967 Quid
634 2903 737 2956 sibi
794 2904 983 2957 volunt
1044 2903 1230 2957 verba:
1291 2904 1491 2974 liquido
1547 2921 1609 2957 ac
1656 2921 1803 2974 puro
1853 2904 2076 2958 sereno?
2111 2906 2234 2960 Non

359 3026 556 3079 quaero
610 3010 740 3079 quid
795 3010 1111 3079 significent,
1163 3027 1285 3063 nam
1339 3011 1615 3080 perlucida
1669 3012 1798 3064 haec
1852 3016 1994 3079 sunt,
2034 3013 2127 3066 sed
2165 3030 2234 3066 an

357 3120 499 3168 recte
540 3115 727 3168 Latine
767 3116 845 3168 sic
883 3116 987 3167 dici
1026 3116 1235 3185 possit?
1278 3114 1432 3178 Quod
1472 3133 1580 3168 non
1620 3117 1790 3170 credo.
1826 3115 2074 3171 Serenum
2107 3117 2235 3171 sub-

358 3224 588 3275 stantive
628 3222 888 3291 scriptum
929 3225 1023 3290 est,
1061 3226 1113 3275 et
1154 3221 1553 3275 substantivum
1591 3239 1828 3275 serenum
1850 3239 2072 3292 prorsus
2092 3223 2234 3277 idem

356 3328 496 3380 valet
535 3343 596 3379 ac
635 3325 826 3379 coelam
857 3343 1070 3395 puram,
1111 3326 1324 3395 claram,
1366 3327 1607 3395 lucidum,
1647 3331 1698 3380 et
1733 3343 1983 3396 persaepe
2020 3342 2236 3397 quoque

358 3436 644 3501 tempestas
684 3432 831 3484 arida
871 3437 923 3484 et
961 3433 1114 3484 sicca.
1157 3431 1261 3484 Sed
1302 3448 1598 3500 numquam
1639 3432 1763 3484 licet
1804 3432 2063 3485 vocabulo
2102 3449 2234 3484 sere-

361 3553 491 3589 nam
542 3539 621 3590 uti
672 3555 767 3608 pro
818 3538 1023 3606 coelum,
1064 3539 1178 3591 sine
1219 3538 1327 3590 ulla
1367 3537 1687 3590 definitione.
1725 3537 1922 3590 Nostra
1961 3541 2136 3590 autem
2180 3538 2234 3592 in
