2462 4186
1164 488 1234 539 69

261 659 397 710 mitti
435 657 702 712 iubebat.''
743 659 960 724 (Notum
1002 666 1082 714 est
1121 662 1442 730 Ciceronem,
1483 663 1773 731 Caesarem,
1812 665 2124 717 Sallustium

259 764 314 814 in
354 763 616 816 eiusmodi
656 766 934 818 sententiis
973 766 1260 819 indicativo
1306 769 1382 819 uti
1420 768 1604 835 solere,
1642 769 1959 837 posteriores
1999 785 2125 821 vero

261 868 543 936 scriptores
582 870 955 934 coniunctivo.)
996 870 1161 923 Credo
1202 887 1325 940 ergo
1366 876 1419 924 et
1451 872 1536 924 hic
1568 871 2124 942 LipsiiTorrentiique

260 972 575 1040 scripturam
617 973 996 1026 restituendam
1037 990 1167 1042 esse,
1207 979 1258 1027 et
1296 991 1586 1043 pronomen
1628 993 1728 1045 qno
1768 977 2066 1029 delendum.

563 1183 687 1253 Cap.
731 1189 813 1239 91.
858 1187 987 1242 Omn
1023 1189 1307 1242 dedicatam
1337 1189 1395 1242 in
1431 1189 1682 1259 Capitolio
1701 1190 1877 1243 aedem
1897 1189 2130 1243 Tonanti

630 1292 742 1372 Iovi
790 1293 996 1346 assidue
1047 1293 1418 1364 frequentaret,
1455 1296 1741 1363 somniavit,
1779 1297 1928 1362 queri
1972 1295 2128 1364 Capi-

630 1372 847 1449 tolinum
894 1399 1064 1451 Iovem
1101 1399 1319 1452 cultores
1355 1399 1456 1452 sibi
1490 1399 1689 1466 abduci,
1728 1417 1878 1469 seque
1918 1416 2124 1468 respon-

631 1500 779 1565 disse,
827 1502 1118 1555 Tonantem
1152 1519 1250 1568 pro
1287 1504 1510 1556 ianitore
1547 1504 1594 1556 ei
1632 1504 1957 1573 appositam;
1993 1503 2127 1556 ideo-

629 1622 725 1675 que
779 1623 897 1660 mox
953 1607 1321 1661 tintinnabulis
1373 1608 1649 1677 fastiyiwn
1699 1609 1841 1662 aedis
1879 1608 2126 1677 redimiit,

629 1711 768 1776 quod
804 1729 864 1764 ea
902 1712 1012 1781 fere
1048 1713 1228 1766 ianuis
1266 1714 1626 1779 dependebant.

337 1904 416 1958 De
456 1907 657 1960 ultimis
698 1910 858 1961 huius
897 1912 1188 1963 sententiae
1230 1910 1403 1964 verbis
1440 1911 1726 1964 videamus
1747 1911 2123 1979 Imperfectum

261 2011 611 2080 dependebant
669 2014 883 2067 offendit
942 2014 1394 2084 Oudendorpium,
1453 2034 1559 2084 qua
1617 2017 1681 2069 de
1738 2033 1898 2068 causa
1958 2017 2129 2068 suasit

262 2117 595 2182 dependeant.
637 2118 829 2171 Contra
870 2136 990 2172 eum
1032 2120 1212 2172 docuit
1250 2120 1478 2173 Wolfius
1511 2108 1880 2190 imperfectum
1915 2118 2048 2172 bene
2069 2134 2127 2171 se

263 2222 470 2290 habere,
514 2228 572 2276 ut
611 2226 847 2293 Augusti
880 2225 1142 2278 actionem
1162 2227 1467 2294 respicienS,
1488 2241 1663 2293 neque
1684 2229 1860 2277 tamen
1883 2223 2126 2276 Suetonii

263 2332 430 2380 aetate
487 2329 631 2383 hunc
689 2345 890 2382 morem
949 2331 1205 2382 omissum
1263 2330 1582 2398 significans.
1638 2329 1741 2382 Sed
1793 2329 1922 2380 nihil
1967 2328 2021 2379 id
2061 2328 2127 2379 ad

263 2448 403 2498 rem;
465 2433 727 2501 quidquid
786 2433 1030 2503 legimus,
1089 2412 1252 2486 verba
1303 2434 1431 2486 haec
1481 2434 1695 2486 ultima:
1738 2432 1876 2499 qaod
1914 2449 1977 2485 ea
2014 2432 2128 2500 fere

259 2537 441 2588 ianuis
478 2536 829 2602 dependebant
867 2541 1215 2606 corrumpunt
1255 2541 1580 2590 contextum.

339 2639 478 2702 Quid
518 2642 657 2693 enim
701 2642 972 2694 continere
1006 2640 1236 2694 debent?
1273 2640 1501 2694 Causam
1535 2641 1806 2708 nimirum,
1839 2657 1936 2692 cur
1967 2639 2131 2706 istud,

267 2747 408 2814 quod
448 2751 707 2815 narratur,
747 2748 1028 2815 Augustus
1066 2746 1261 2799 fecerit.
1302 2746 1405 2798 Sed
1447 2745 1616 2814 quid?

340 2850 476 2912 Quia
512 2849 869 2903 tintinnabula
909 2850 1069 2918 vulgo
1109 2851 1271 2902 ianua
1311 2849 1627 2918 dependent,
1664 2864 1781 2900 eam
1814 2846 1879 2899 ob
1915 2863 2129 2899 causam

265 2958 332 3010 iis
383 2958 667 3026 Augustus
704 2971 807 3008 non
845 2956 1076 3022 ianuam,
1116 2954 1208 3006 sed
1247 2954 1521 3022 fastigium
1562 2952 1815 3005 redimit?
1859 2950 2006 3013 Quae
2049 2967 2133 3002 ca-

266 3063 390 3131 piat,
436 3063 529 3130 qui
568 3062 719 3130 capit.
759 3059 951 3112 Nonne
992 3075 1115 3128 ergo
1156 3059 1413 3127 templum
1454 3057 1597 3109 Iovis
1634 3057 1887 3109 Tonantis
1927 3060 2130 3124 portam

268 3167 352 3219 vel
408 3167 621 3218 ianuam
682 3163 947 3216 habebat?
1009 3162 1210 3224 Quodsi
1262 3178 1377 3214 eam
1421 3161 1660 3228 habebat,
1700 3161 1887 3228 quidni
1927 3161 2133 3227 ianuae,

269 3271 361 3323 sed
400 3271 579 3339 potius
619 3269 829 3337 fastigio
870 3267 1042 3319 affixit
1081 3269 1363 3336 Augustus
1404 3264 1800 3317 tintinnabula?

343 3374 446 3427 Sed
497 3390 601 3425 non
658 3389 791 3441 opus
846 3376 925 3424 est
971 3372 1100 3423 haec
1140 3370 1474 3439 perscrutari.
1517 3369 1750 3437 Augusti
1789 3367 1986 3419 factum
2029 3367 2134 3418 huc

271 3479 433 3532 redit:
494 3478 711 3531 Somnio
762 3476 1073 3546 perterritus
1126 3474 1308 3526 Iovem
1351 3473 1703 3541 Capitolinum
1746 3471 1849 3524 sibi
1890 3471 2003 3524 vult
2043 3471 2133 3523 ob-

273 3585 546 3653 stringere,
598 3582 824 3651 ideoque
877 3597 1004 3632 mox
1050 3580 1254 3632 actione
1294 3577 1586 3645 symbolica
1624 3577 1805 3630 Iovem
1844 3575 2130 3628 Tonantem
