<?xml version="1.0" encoding="UTF-8"?>
<!DOCTYPE html PUBLIC "-//W3C//DTD XHTML 1.0 Transitional//EN"
    "http://www.w3.org/TR/xhtml1/DTD/xhtml1-transitional.dtd">
<html xmlns="http://www.w3.org/1999/xhtml" xml:lang="en" lang="en">
 <head>
  <title>
</title>
<meta http-equiv="Content-Type" content="text/html;charset=utf-8" />
  <meta name='ocr-system' content='tesseract 3.04.00' />
  <meta name='ocr-capabilities' content='ocr_page ocr_carea ocr_par ocr_line ocrx_word'/>
</head>
<body>
  <div class='ocr_page' id='page_1' title='image "./spicilegiumcriti00koopuoft_0061.png"; bbox 0 0 2462 4186; ppageno 0'>
   <div class='ocr_carea' id='block_1_1' title="bbox 1161 490 1232 539">
    <p class='ocr_par' dir='ltr' id='par_1_1' title="bbox 1161 490 1232 539">
     <span class='ocr_line' id='line_1_1' title="bbox 1161 490 1232 539; baseline 0 0"><span class='ocrx_word' id='word_1_1' title='bbox 1161 490 1232 539; x_wconf 88' lang='lat'>49</span> 
     </span>
    </p>
   </div>
   <div class='ocr_carea' id='block_1_2' title="bbox 254 663 2124 2198">
    <p class='ocr_par' dir='ltr' id='par_1_2' title="bbox 255 663 2122 836">
     <span class='ocr_line' id='line_1_2' title="bbox 257 663 2122 732; baseline -0.001 -17"><span class='ocrx_word' id='word_1_2' title='bbox 257 666 515 732; x_wconf 85' lang='lat' dir='ltr'>migravit,</span> <span class='ocrx_word' id='word_1_3' title='bbox 575 663 715 731; x_wconf 90' lang='lat' dir='ltr'>quod</span> <span class='ocrx_word' id='word_1_4' title='bbox 767 663 920 715; x_wconf 88' lang='lat' dir='ltr'>facile</span> <span class='ocrx_word' id='word_1_5' title='bbox 959 663 1255 731; x_wconf 88' lang='lat' dir='ltr'>intelligere</span> <span class='ocrx_word' id='word_1_6' title='bbox 1297 679 1596 731; x_wconf 80' lang='lat' dir='ltr'>possumus,</span> <span class='ocrx_word' id='word_1_7' title='bbox 1637 665 1682 714; x_wconf 89' lang='lat' dir='ltr'>si</span> <span class='ocrx_word' id='word_1_8' title='bbox 1723 665 2016 730; x_wconf 82' lang='lat' dir='ltr'>cogitamus</span> <span class='ocrx_word' id='word_1_9' title='bbox 2058 663 2122 714; x_wconf 92' lang='lat' dir='ltr'>de</span> 
     </span>
     <span class='ocr_line' id='line_1_3' title="bbox 255 767 1179 836; baseline 0 -18"><span class='ocrx_word' id='word_1_10' title='bbox 255 767 417 819; x_wconf 87' lang='lat' dir='ltr'>verbo</span> <span class='ocrx_word' id='word_1_11' title='bbox 458 768 801 836; x_wconf 82' lang='lat' dir='ltr'>praecedente</span> <span class='ocrx_word' id='word_1_12' title='bbox 841 767 1179 820; x_wconf 76' lang='lat' dir='ltr'>emeritorum.</span> 
     </span>
    </p>

    <p class='ocr_par' dir='ltr' id='par_1_3' title="bbox 254 870 2123 1883">
     <span class='ocr_line' id='line_1_4' title="bbox 329 870 2120 940; baseline -0.001 -18"><span class='ocrx_word' id='word_1_13' title='bbox 329 870 542 940; x_wconf 83' lang='lat' dir='ltr'>Duplici</span> <span class='ocrx_word' id='word_1_14' title='bbox 601 874 742 925; x_wconf 92' lang='lat' dir='ltr'>enim</span> <span class='ocrx_word' id='word_1_15' title='bbox 803 872 957 923; x_wconf 87' lang='lat' dir='ltr'>modo</span> <span class='ocrx_word' id='word_1_16' title='bbox 1019 872 1117 922; x_wconf 89' lang='lat' dir='ltr'>hoc</span> <span class='ocrx_word' id='word_1_17' title='bbox 1169 870 1389 922; x_wconf 90' lang='lat' dir='ltr'>verbum</span> <span class='ocrx_word' id='word_1_18' title='bbox 1444 872 1698 939; x_wconf 85' lang='lat' dir='ltr'>explicari</span> <span class='ocrx_word' id='word_1_19' title='bbox 1754 875 1939 938; x_wconf 83' lang='lat' dir='ltr'>potest,</span> <span class='ocrx_word' id='word_1_20' title='bbox 1978 872 2007 921; x_wconf 94' lang='lat' dir='ltr'>i.</span> <span class='ocrx_word' id='word_1_21' title='bbox 2049 887 2120 923; x_wconf 88' lang='lat' dir='ltr'>e.:</span> 
     </span>
     <span class='ocr_line' id='line_1_5' title="bbox 255 976 2123 1045; baseline -0.001 -17"><span class='ocrx_word' id='word_1_22' title='bbox 255 981 526 1044; x_wconf 89' lang='lat' dir='ltr'>tamquam</span> <span class='ocrx_word' id='word_1_23' title='bbox 585 978 856 1045; x_wconf 85' lang='lat' dir='ltr'>genitivus</span> <span class='ocrx_word' id='word_1_24' title='bbox 915 978 1160 1028; x_wconf 84' lang='lat' dir='ltr'>neutrius</span> <span class='ocrx_word' id='word_1_25' title='bbox 1216 977 1441 1044; x_wconf 80' lang='lat' dir='ltr'>generiS,</span> <span class='ocrx_word' id='word_1_26' title='bbox 1501 976 1584 1027; x_wconf 87' lang='lat' dir='ltr'>vel</span> <span class='ocrx_word' id='word_1_27' title='bbox 1636 980 1909 1043; x_wconf 87' lang='lat' dir='ltr'>tamquam</span> <span class='ocrx_word' id='word_1_28' title='bbox 1965 991 2123 1027; x_wconf 89' lang='lat' dir='ltr'>casus</span> 
     </span>
     <span class='ocr_line' id='line_1_6' title="bbox 256 1080 2122 1149; baseline 0 -17"><span class='ocrx_word' id='word_1_29' title='bbox 256 1081 536 1133; x_wconf 86' lang='lat' dir='ltr'>masculini</span> <span class='ocrx_word' id='word_1_30' title='bbox 593 1082 815 1149; x_wconf 89' lang='lat' dir='ltr'>generis.</span> <span class='ocrx_word' id='word_1_31' title='bbox 871 1082 1152 1133; x_wconf 80' lang='lat' dir='ltr'>Genitivus</span> <span class='ocrx_word' id='word_1_32' title='bbox 1198 1082 1441 1132; x_wconf 88' lang='lat' dir='ltr'>neutrius</span> <span class='ocrx_word' id='word_1_33' title='bbox 1481 1082 1691 1148; x_wconf 89' lang='lat' dir='ltr'>generis</span> <span class='ocrx_word' id='word_1_34' title='bbox 1731 1081 1816 1132; x_wconf 92' lang='lat' dir='ltr'>hic</span> <span class='ocrx_word' id='word_1_35' title='bbox 1857 1080 2122 1149; x_wconf 88' lang='lat' dir='ltr'>significat</span> 
     </span>
     <span class='ocr_line' id='line_1_7' title="bbox 254 1184 2119 1254; baseline 0 -17"><span class='ocrx_word' id='word_1_36' title='bbox 254 1186 593 1254; x_wconf 88' lang='lat' dir='ltr'>simpliciter:</span> <span class='ocrx_word' id='word_1_37' title='bbox 651 1186 890 1251; x_wconf 88' lang='lat' dir='ltr'>praemia</span> <span class='ocrx_word' id='word_1_38' title='bbox 947 1185 1186 1237; x_wconf 80' lang='lat' dir='ltr'>emeritae</span> <span class='ocrx_word' id='word_1_39' title='bbox 1241 1184 1485 1250; x_wconf 79' lang='lat' dir='ltr'>militiae3</span> <span class='ocrx_word' id='word_1_40' title='bbox 1537 1201 1708 1253; x_wconf 90' lang='lat' dir='ltr'>genus</span> <span class='ocrx_word' id='word_1_41' title='bbox 1762 1186 2119 1237; x_wconf 89' lang='lat' dir='ltr'>masculinum</span> 
     </span>
     <span class='ocr_line' id='line_1_8' title="bbox 256 1288 2122 1357; baseline -0.001 -16"><span class='ocrx_word' id='word_1_42' title='bbox 256 1291 397 1342; x_wconf 89' lang='lat' dir='ltr'>vult:</span> <span class='ocrx_word' id='word_1_43' title='bbox 439 1290 627 1342; x_wconf 79' lang='lat' dir='ltr'>milites</span> <span class='ocrx_word' id='word_1_44' title='bbox 665 1290 878 1357; x_wconf 79' lang='lat' dir='ltr'>emeriti,</span> <span class='ocrx_word' id='word_1_45' title='bbox 916 1290 1160 1341; x_wconf 77' lang='lat' dir='ltr'>veterani.</span> <span class='ocrx_word' id='word_1_46' title='bbox 1196 1288 1322 1341; x_wconf 86' lang='lat' dir='ltr'>Sine</span> <span class='ocrx_word' id='word_1_47' title='bbox 1343 1288 1505 1340; x_wconf 90' lang='lat' dir='ltr'>dubio</span> <span class='ocrx_word' id='word_1_48' title='bbox 1529 1288 1842 1357; x_wconf 88' lang='lat' dir='ltr'>significatio</span> <span class='ocrx_word' id='word_1_49' title='bbox 1865 1289 2122 1357; x_wconf 89' lang='lat' dir='ltr'>posterior</span> 
     </span>
     <span class='ocr_line' id='line_1_9' title="bbox 254 1393 2122 1463; baseline -0.001 -17"><span class='ocrx_word' id='word_1_50' title='bbox 254 1395 596 1463; x_wconf 88' lang='lat' dir='ltr'>praeferenda</span> <span class='ocrx_word' id='word_1_51' title='bbox 654 1400 747 1462; x_wconf 82' lang='lat' dir='ltr'>est,</span> <span class='ocrx_word' id='word_1_52' title='bbox 805 1396 898 1447; x_wconf 93' lang='lat' dir='ltr'>sed</span> <span class='ocrx_word' id='word_1_53' title='bbox 954 1396 1217 1463; x_wconf 86' lang='lat' dir='ltr'>glossator</span> <span class='ocrx_word' id='word_1_54' title='bbox 1269 1393 1504 1462; x_wconf 92' lang='lat' dir='ltr'>quidam,</span> <span class='ocrx_word' id='word_1_55' title='bbox 1556 1398 1753 1462; x_wconf 88' lang='lat' dir='ltr'>putans</span> <span class='ocrx_word' id='word_1_56' title='bbox 1794 1394 2122 1445; x_wconf 83' lang='lat' dir='ltr'>emeritorum</span> 
     </span>
     <span class='ocr_line' id='line_1_10' title="bbox 255 1498 2122 1568; baseline -0.001 -17"><span class='ocrx_word' id='word_1_57' title='bbox 255 1501 498 1552; x_wconf 90' lang='lat' dir='ltr'>neutrius</span> <span class='ocrx_word' id='word_1_58' title='bbox 555 1515 671 1552; x_wconf 89' lang='lat' dir='ltr'>esse</span> <span class='ocrx_word' id='word_1_59' title='bbox 720 1500 945 1568; x_wconf 84' lang='lat' dir='ltr'>generiS‚</span> <span class='ocrx_word' id='word_1_60' title='bbox 988 1499 1324 1567; x_wconf 87' lang='lat' dir='ltr'>supraposuit</span> <span class='ocrx_word' id='word_1_61' title='bbox 1353 1498 1725 1566; x_wconf 82' lang='lat' dir='ltr'>praemiorum,</span> <span class='ocrx_word' id='word_1_62' title='bbox 1766 1503 1825 1550; x_wconf 92' lang='lat' dir='ltr'>ut</span> <span class='ocrx_word' id='word_1_63' title='bbox 1863 1499 2122 1551; x_wconf 88' lang='lat' dir='ltr'>indicaret</span> 
     </span>
     <span class='ocr_line' id='line_1_11' title="bbox 256 1603 2122 1673; baseline -0.001 -15"><span class='ocrx_word' id='word_1_64' title='bbox 256 1606 576 1658; x_wconf 87' lang='lat' dir='ltr'>adiectivum</span> <span class='ocrx_word' id='word_1_65' title='bbox 618 1605 883 1657; x_wconf 80' lang='lat' dir='ltr'>emeritum</span> <span class='ocrx_word' id='word_1_66' title='bbox 922 1621 1016 1673; x_wconf 94' lang='lat' dir='ltr'>pro</span> <span class='ocrx_word' id='word_1_67' title='bbox 1056 1603 1392 1656; x_wconf 89' lang='lat' dir='ltr'>substantivo</span> <span class='ocrx_word' id='word_1_68' title='bbox 1433 1605 1688 1672; x_wconf 91' lang='lat' dir='ltr'>scriptum</span> <span class='ocrx_word' id='word_1_69' title='bbox 1730 1604 1886 1656; x_wconf 87' lang='lat' dir='ltr'>talem</span> <span class='ocrx_word' id='word_1_70' title='bbox 1930 1603 2122 1656; x_wconf 88' lang='lat' dir='ltr'>habere</span> 
     </span>
     <span class='ocr_line' id='line_1_12' title="bbox 257 1709 2121 1780; baseline -0.001 -18"><span class='ocrx_word' id='word_1_71' title='bbox 257 1711 712 1780; x_wconf 87' lang='lat' dir='ltr'>significationem.</span> <span class='ocrx_word' id='word_1_72' title='bbox 753 1709 955 1772; x_wconf 81' lang='lat' dir='ltr'>Quodsi</span> <span class='ocrx_word' id='word_1_73' title='bbox 997 1725 1118 1761; x_wconf 88' lang='lat' dir='ltr'>vera</span> <span class='ocrx_word' id='word_1_74' title='bbox 1152 1714 1291 1761; x_wconf 90' lang='lat' dir='ltr'>esset</span> <span class='ocrx_word' id='word_1_75' title='bbox 1323 1709 1478 1760; x_wconf 89' lang='lat' dir='ltr'>lectio</span> <span class='ocrx_word' id='word_1_76' title='bbox 1512 1710 1614 1760; x_wconf 90' lang='lat' dir='ltr'>iam</span> <span class='ocrx_word' id='word_1_77' title='bbox 1652 1710 1727 1761; x_wconf 90' lang='lat' dir='ltr'>sic</span> <span class='ocrx_word' id='word_1_78' title='bbox 1756 1710 2121 1778; x_wconf 90' lang='lat' dir='ltr'>pleonasmum</span> 
     </span>
     <span class='ocr_line' id='line_1_13' title="bbox 259 1814 1618 1883; baseline -0.003 -15"><span class='ocrx_word' id='word_1_79' title='bbox 259 1816 589 1883; x_wconf 86' lang='lat' dir='ltr'>haberemus,</span> <span class='ocrx_word' id='word_1_80' title='bbox 631 1831 789 1883; x_wconf 91' lang='lat' dir='ltr'>quem</span> <span class='ocrx_word' id='word_1_81' title='bbox 832 1814 1047 1883; x_wconf 90' lang='lat' dir='ltr'>quidem</span> <span class='ocrx_word' id='word_1_82' title='bbox 1089 1815 1285 1866; x_wconf 87' lang='lat' dir='ltr'>evitare</span> <span class='ocrx_word' id='word_1_83' title='bbox 1326 1814 1618 1866; x_wconf 84' lang='lat' dir='ltr'>studemus.</span> 
     </span>
    </p>

    <p class='ocr_par' dir='ltr' id='par_1_4' title="bbox 257 1919 2124 2198">
     <span class='ocr_line' id='line_1_14' title="bbox 331 1919 2123 1988; baseline -0.002 -15"><span class='ocrx_word' id='word_1_84' title='bbox 331 1921 571 1973; x_wconf 86' lang='lat' dir='ltr'>Praestat</span> <span class='ocrx_word' id='word_1_85' title='bbox 611 1937 734 1988; x_wconf 86' lang='lat' dir='ltr'>ergo</span> <span class='ocrx_word' id='word_1_86' title='bbox 773 1920 1106 1987; x_wconf 90' lang='lat' dir='ltr'>interpretari</span> <span class='ocrx_word' id='word_1_87' title='bbox 1143 1919 1469 1970; x_wconf 80' lang='lat' dir='ltr'>emeritorum</span> <span class='ocrx_word' id='word_1_88' title='bbox 1504 1923 1563 1970; x_wconf 90' lang='lat' dir='ltr'>ut</span> <span class='ocrx_word' id='word_1_89' title='bbox 1594 1920 1889 1987; x_wconf 85' lang='lat' dir='ltr'>genitivum</span> <span class='ocrx_word' id='word_1_90' title='bbox 1915 1935 2123 1971; x_wconf 89' lang='lat' dir='ltr'>mascu-</span> 
     </span>
     <span class='ocr_line' id='line_1_15' title="bbox 258 2023 2124 2094; baseline -0.001 -18"><span class='ocrx_word' id='word_1_91' title='bbox 258 2026 353 2077; x_wconf 93' lang='lat' dir='ltr'>lini</span> <span class='ocrx_word' id='word_1_92' title='bbox 412 2026 621 2094; x_wconf 87' lang='lat' dir='ltr'>generis</span> <span class='ocrx_word' id='word_1_93' title='bbox 679 2024 1081 2092; x_wconf 88' lang='lat' dir='ltr'>et·intelligere</span> <span class='ocrx_word' id='word_1_94' title='bbox 1139 2027 1307 2075; x_wconf 88' lang='lat' dir='ltr'>totum</span> <span class='ocrx_word' id='word_1_95' title='bbox 1367 2023 1546 2074; x_wconf 91' lang='lat' dir='ltr'>locum</span> <span class='ocrx_word' id='word_1_96' title='bbox 1606 2028 1665 2074; x_wconf 91' lang='lat' dir='ltr'>ut</span> <span class='ocrx_word' id='word_1_97' title='bbox 1723 2023 1866 2074; x_wconf 91' lang='lat' dir='ltr'>locos</span> <span class='ocrx_word' id='word_1_98' title='bbox 1926 2023 2124 2075; x_wconf 86' lang='lat' dir='ltr'>similes</span> 
     </span>
     <span class='ocr_line' id='line_1_16' title="bbox 257 2121 1919 2198; baseline -0.002 -16"><span class='ocrx_word' id='word_1_99' title='bbox 257 2132 457 2182; x_wconf 82' lang='lat' dir='ltr'>citatos,</span> <span class='ocrx_word' id='word_1_100' title='bbox 497 2121 749 2198; x_wconf 87' lang='lat' dir='ltr'>Inprimis</span> <span class='ocrx_word' id='word_1_101' title='bbox 788 2133 962 2180; x_wconf 89' lang='lat' dir='ltr'>autem</span> <span class='ocrx_word' id='word_1_102' title='bbox 1006 2128 1288 2180; x_wconf 88' lang='lat' dir='ltr'>delendum</span> <span class='ocrx_word' id='word_1_103' title='bbox 1330 2143 1518 2180; x_wconf 91' lang='lat' dir='ltr'>censeo</span> <span class='ocrx_word' id='word_1_104' title='bbox 1554 2128 1919 2192; x_wconf 89' lang='lat' dir='ltr'>praemiorum.</span> 
     </span>
    </p>
   </div>
   <div class='ocr_carea' id='block_1_3' title="bbox 560 2345 2132 2754">
    <p class='ocr_par' dir='ltr' id='par_1_5' title="bbox 560 2345 2132 2730">
     <span class='ocr_line' id='line_1_17' title="bbox 560 2345 2128 2414; baseline -0.002 -15"><span class='ocrx_word' id='word_1_105' title='bbox 560 2345 684 2414; x_wconf 85' lang='lat' dir='ltr'>Gap.</span> <span class='ocrx_word' id='word_1_106' title='bbox 745 2348 828 2397; x_wconf 82' lang='lat'>25.</span> <span class='ocrx_word' id='word_1_107' title='bbox 882 2346 1149 2398; x_wconf 74' lang='lat' dir='ltr'>Libertirio</span> <span class='ocrx_word' id='word_1_108' title='bbox 1199 2345 1391 2397; x_wconf 78' lang='lat' dir='ltr'>milite.</span> <span class='ocrx_word' id='word_1_109' title='bbox 1419 2386 1430 2397; x_wconf 93' lang='lat'><strong>.</strong></span> <span class='ocrx_word' id='word_1_110' title='bbox 1457 2386 1467 2396; x_wconf 94' lang='lat'>.</span> <span class='ocrx_word' id='word_1_111' title='bbox 1495 2387 1506 2398; x_wconf 89' lang='lat'><strong>.</strong></span> <span class='ocrx_word' id='word_1_112' title='bbox 1559 2345 1635 2397; x_wconf 84' lang='lat' dir='ltr'>bis</span> <span class='ocrx_word' id='word_1_113' title='bbox 1672 2362 1800 2397; x_wconf 83' lang='lat' dir='ltr'>usus</span> <span class='ocrx_word' id='word_1_114' title='bbox 1839 2351 1941 2398; x_wconf 81' lang='lat' dir='ltr'>est:</span> <span class='ocrx_word' id='word_1_115' title='bbox 1978 2345 2128 2397; x_wconf 85' lang='lat' dir='ltr'>semel</span> 
     </span>
     <span class='ocr_line' id='line_1_18' title="bbox 628 2450 2132 2519; baseline -0.001 -16"><span class='ocrx_word' id='word_1_116' title='bbox 628 2452 702 2503; x_wconf 82' lang='lat' dir='ltr'>ad</span> <span class='ocrx_word' id='word_1_117' title='bbox 734 2451 1056 2516; x_wconf 79' lang='lat' dir='ltr'>praesidium</span> <span class='ocrx_word' id='word_1_118' title='bbox 1087 2450 1404 2503; x_wconf 73' lang='lat' dir='ltr'>coloniarum</span> <span class='ocrx_word' id='word_1_119' title='bbox 1426 2450 1694 2517; x_wconf 76' lang='lat' dir='ltr'>Illyricum</span> <span class='ocrx_word' id='word_1_120' title='bbox 1714 2452 2132 2519; x_wconf 74' lang='lat' dir='ltr'>coutinyeutium‚</span> 
     </span>
     <span class='ocr_line' id='line_1_19' title="bbox 630 2555 2129 2629; baseline 0.001 -23"><span class='ocrx_word' id='word_1_121' title='bbox 630 2557 816 2608; x_wconf 81' lang='lat' dir='ltr'>iterum</span> <span class='ocrx_word' id='word_1_122' title='bbox 870 2556 942 2607; x_wconf 84' lang='lat' dir='ltr'>ad</span> <span class='ocrx_word' id='word_1_123' title='bbox 980 2556 1192 2608; x_wconf 78' lang='lat' dir='ltr'>tutelam</span> <span class='ocrx_word' id='word_1_124' title='bbox 1231 2556 1381 2621; x_wconf 81' lang='lat' dir='ltr'>ripae</span> <span class='ocrx_word' id='word_1_125' title='bbox 1420 2555 1595 2608; x_wconf 73' lang='lat' dir='ltr'>Rheni</span> <span class='ocrx_word' id='word_1_126' title='bbox 1629 2555 1864 2629; x_wconf 76' lang='lat' dir='ltr'>fluminis</span> <span class='ocrx_word' id='word_1_127' title='bbox 1878 2573 1896 2619; x_wconf 88' lang='grc'>,·</span> <span class='ocrx_word' id='word_1_128' title='bbox 1933 2572 2129 2625; x_wconf 77' lang='lat' dir='ltr'>eosque,</span> 
     </span>
     <span class='ocr_line' id='line_1_20' title="bbox 628 2659 2128 2730; baseline 0 -19"><span class='ocrx_word' id='word_1_129' title='bbox 628 2677 804 2713; x_wconf 85' lang='lat' dir='ltr'>servos</span> <span class='ocrx_word' id='word_1_130' title='bbox 854 2659 1027 2712; x_wconf 76' lang='lat' dir='ltr'>adhuc</span> <span class='ocrx_word' id='word_1_131' title='bbox 1062 2661 1193 2712; x_wconf 84' lang='lat' dir='ltr'>viris</span> <span class='ocrx_word' id='word_1_132' title='bbox 1233 2660 1541 2730; x_wconf 77' lang='lat' dir='ltr'>feminisque</span> <span class='ocrx_word' id='word_1_133' title='bbox 1575 2659 2009 2725; x_wconf 77' lang='lat' dir='ltr'>pecuniosioribus</span> <span class='ocrx_word' id='word_1_134' title='bbox 2046 2660 2128 2711; x_wconf 76' lang='lat' dir='ltr'>iii-</span> 
     </span>
    </p>

    <p class='ocr_par' dir='ltr' id='par_1_6' title="bbox 998 2735 1011 2754">
     <span class='ocr_line' id='line_1_21' title="bbox 998 2735 1011 2754; baseline 0 0"><span class='ocrx_word' id='word_1_135' title='bbox 998 2735 1011 2754; x_wconf 56' lang='lat'>2</span> 
     </span>
    </p>
   </div>
   <div class='ocr_carea' id='block_1_4' title="bbox 629 2764 2131 2939">
    <p class='ocr_par' dir='ltr' id='par_1_7' title="bbox 629 2764 2131 2939">
     <span class='ocr_line' id='line_1_22' title="bbox 629 2764 2131 2832; baseline -0.001 -15"><span class='ocrx_word' id='word_1_136' title='bbox 629 2765 790 2817; x_wconf 76' lang='lat' dir='ltr'>dictos</span> <span class='ocrx_word' id='word_1_137' title='bbox 828 2783 891 2818; x_wconf 86' lang='lat' dir='ltr'>ae</span> <span class='ocrx_word' id='word_1_138' title='bbox 929 2766 1040 2818; x_wconf 79' lang='lat' dir='ltr'>siue</span> <span class='ocrx_word' id='word_1_139' title='bbox 1077 2782 1224 2817; x_wconf 92' lang='lat' dir='ltr'>mora</span> <span class='ocrx_word' id='word_1_140' title='bbox 1261 2766 1626 2832; x_wconf 75' lang='lat' dir='ltr'>manumissos,</span> <span class='ocrx_word' id='word_1_141' title='bbox 1646 2765 1742 2817; x_wconf 85' lang='lat' dir='ltr'>sub</span> <span class='ocrx_word' id='word_1_142' title='bbox 1759 2766 1932 2831; x_wconf 84' lang='lat' dir='ltr'>priore</span> <span class='ocrx_word' id='word_1_143' title='bbox 1950 2764 2131 2817; x_wconf 77' lang='lat' dir='ltr'>vexillo</span> 
     </span>
     <span class='ocr_line' id='line_1_23' title="bbox 631 2869 1020 2939; baseline 0 -18"><span class='ocrx_word' id='word_1_144' title='bbox 631 2869 812 2922; x_wconf 78' lang='lat' dir='ltr'>habuit</span> <span class='ocrx_word' id='word_1_145' title='bbox 855 2887 893 2921; x_wconf 88' lang='lat' dir='ltr'>e.</span> <span class='ocrx_word' id='word_1_146' title='bbox 914 2887 959 2939; x_wconf 80' lang='lat' dir='ltr'>q.</span> <span class='ocrx_word' id='word_1_147' title='bbox 980 2886 1020 2922; x_wconf 89' lang='lat' dir='ltr'>s.</span> 
     </span>
    </p>
   </div>
   <div class='ocr_carea' id='block_1_5' title="bbox 262 3062 2134 3545">
    <p class='ocr_par' dir='ltr' id='par_1_8' title="bbox 262 3062 2134 3545">
     <span class='ocr_line' id='line_1_24' title="bbox 336 3062 2134 3132; baseline 0.002 -18"><span class='ocrx_word' id='word_1_148' title='bbox 336 3062 499 3114; x_wconf 88' lang='lat' dir='ltr'>Hunc</span> <span class='ocrx_word' id='word_1_149' title='bbox 538 3063 712 3114; x_wconf 91' lang='lat' dir='ltr'>locum</span> <span class='ocrx_word' id='word_1_150' title='bbox 753 3079 913 3131; x_wconf 88' lang='lat' dir='ltr'>prave</span> <span class='ocrx_word' id='word_1_151' title='bbox 951 3064 1202 3115; x_wconf 86' lang='lat' dir='ltr'>traditum</span> <span class='ocrx_word' id='word_1_152' title='bbox 1245 3079 1375 3130; x_wconf 84' lang='lat' dir='ltr'>esse,</span> <span class='ocrx_word' id='word_1_153' title='bbox 1405 3079 1570 3116; x_wconf 50' lang='lat' dir='ltr'>*nemo</span> <span class='ocrx_word' id='word_1_154' title='bbox 1611 3068 1705 3131; x_wconf 85' lang='lat' dir='ltr'>est,</span> <span class='ocrx_word' id='word_1_155' title='bbox 1746 3065 1838 3132; x_wconf 92' lang='lat' dir='ltr'>qui</span> <span class='ocrx_word' id='word_1_156' title='bbox 1879 3081 1984 3116; x_wconf 92' lang='lat' dir='ltr'>non</span> <span class='ocrx_word' id='word_1_157' title='bbox 2020 3081 2134 3117; x_wconf 90' lang='lat' dir='ltr'>sen-</span> 
     </span>
     <span class='ocr_line' id='line_1_25' title="bbox 262 3165 2133 3237; baseline 0.002 -20"><span class='ocrx_word' id='word_1_158' title='bbox 262 3167 371 3218; x_wconf 91' lang='lat' dir='ltr'>tiat.</span> <span class='ocrx_word' id='word_1_159' title='bbox 434 3165 729 3218; x_wconf 90' lang='lat' dir='ltr'>Abundant</span> <span class='ocrx_word' id='word_1_160' title='bbox 786 3168 926 3218; x_wconf 91' lang='lat' dir='ltr'>enim</span> <span class='ocrx_word' id='word_1_161' title='bbox 986 3167 1243 3225; x_wconf 85' lang='lat' dir='ltr'>vocabula</span> <span class='ocrx_word' id='word_1_162' title='bbox 1294 3183 1463 3219; x_wconf 85' lang='lat' dir='ltr'>servos</span> <span class='ocrx_word' id='word_1_163' title='bbox 1499 3166 1678 3219; x_wconf 77' lang='lat' dir='ltr'>adhue.</span> <span class='ocrx_word' id='word_1_164' title='bbox 1721 3166 2133 3237; x_wconf 88' lang='lat' dir='ltr'>Oudendorpius</span> 
     </span>
     <span class='ocr_line' id='line_1_26' title="bbox 264 3269 2134 3336; baseline 0.002 -16"><span class='ocrx_word' id='word_1_165' title='bbox 264 3273 460 3336; x_wconf 88' lang='lat' dir='ltr'>tamen,</span> <span class='ocrx_word' id='word_1_166' title='bbox 499 3272 861 3322; x_wconf 87' lang='lat' dir='ltr'>consentiente</span> <span class='ocrx_word' id='word_1_167' title='bbox 900 3269 1236 3330; x_wconf 87' lang='lat' dir='ltr'>Ruhnkenio‚</span> <span class='ocrx_word' id='word_1_168' title='bbox 1275 3288 1382 3323; x_wconf 90' lang='lat' dir='ltr'>non</span> <span class='ocrx_word' id='word_1_169' title='bbox 1425 3272 1646 3324; x_wconf 91' lang='lat' dir='ltr'>delenda</span> <span class='ocrx_word' id='word_1_170' title='bbox 1684 3287 1744 3324; x_wconf 89' lang='lat' dir='ltr'>ea</span> <span class='ocrx_word' id='word_1_171' title='bbox 1766 3273 1858 3324; x_wconf 92' lang='lat' dir='ltr'>sed</span> <span class='ocrx_word' id='word_1_172' title='bbox 1880 3273 2134 3324; x_wconf 89' lang='lat' dir='ltr'>mutanda</span> 
     </span>
     <span class='ocr_line' id='line_1_27' title="bbox 265 3374 2134 3443; baseline 0.002 -18"><span class='ocrx_word' id='word_1_173' title='bbox 265 3374 488 3441; x_wconf 87' lang='lat' dir='ltr'>putavit,</span> <span class='ocrx_word' id='word_1_174' title='bbox 539 3375 924 3442; x_wconf 87' lang='lat' dir='ltr'>proposuitque</span> <span class='ocrx_word' id='word_1_175' title='bbox 974 3374 1281 3427; x_wconf 88' lang='lat' dir='ltr'>lectionem:</span> <span class='ocrx_word' id='word_1_176' title='bbox 1339 3375 1411 3426; x_wconf 81' lang='lat' dir='ltr'>ad</span> <span class='ocrx_word' id='word_1_177' title='bbox 1449 3374 1540 3427; x_wconf 82' lang='lat' dir='ltr'>hoe</span> <span class='ocrx_word' id='word_1_178' title='bbox 1577 3391 1763 3442; x_wconf 66' lang='lat' dir='ltr'>servo-5,</span> <span class='ocrx_word' id='word_1_179' title='bbox 1806 3391 1942 3443; x_wconf 91' lang='lat' dir='ltr'>quae</span> <span class='ocrx_word' id='word_1_180' title='bbox 1981 3376 2134 3428; x_wconf 92' lang='lat' dir='ltr'>lectio</span> 
     </span>
     <span class='ocr_line' id='line_1_28' title="bbox 268 3477 1750 3545; baseline 0.001 -17"><span class='ocrx_word' id='word_1_181' title='bbox 268 3477 556 3544; x_wconf 85' lang='lat' dir='ltr'>meliorem,</span> <span class='ocrx_word' id='word_1_182' title='bbox 595 3477 1019 3545; x_wconf 90' lang='lat' dir='ltr'>lucidioremque</span> <span class='ocrx_word' id='word_1_183' title='bbox 1058 3480 1374 3530; x_wconf 87' lang='lat' dir='ltr'>sententiam</span> <span class='ocrx_word' id='word_1_184' title='bbox 1416 3495 1525 3529; x_wconf 90' lang='lat' dir='ltr'>non</span> <span class='ocrx_word' id='word_1_185' title='bbox 1563 3479 1750 3530; x_wconf 87' lang='lat' dir='ltr'>reddit.</span> 
     </span>
    </p>
   </div>
   <div class='ocr_carea' id='block_1_6' title="bbox 342 3580 2139 3715">
    <p class='ocr_par' dir='ltr' id='par_1_9' title="bbox 342 3580 2139 3715">
     <span class='ocr_line' id='line_1_29' title="bbox 342 3580 2139 3649; baseline 0.001 -17"><span class='ocrx_word' id='word_1_186' title='bbox 342 3580 470 3649; x_wconf 86' lang='lat' dir='ltr'>Eg0‚</span> <span class='ocrx_word' id='word_1_187' title='bbox 510 3582 668 3633; x_wconf 91' lang='lat' dir='ltr'>etiam</span> <span class='ocrx_word' id='word_1_188' title='bbox 711 3586 892 3632; x_wconf 87' lang='lat' dir='ltr'>contra</span> <span class='ocrx_word' id='word_1_189' title='bbox 935 3597 1264 3633; x_wconf 89' lang='lat' dir='ltr'>summorum</span> <span class='ocrx_word' id='word_1_190' title='bbox 1308 3583 1542 3633; x_wconf 90' lang='lat' dir='ltr'>virorum</span> <span class='ocrx_word' id='word_1_191' title='bbox 1578 3584 1962 3649; x_wconf 87' lang='lat' dir='ltr'>auctoritatem,</span> <span class='ocrx_word' id='word_1_192' title='bbox 1985 3584 2139 3635; x_wconf 89' lang='lat' dir='ltr'>credo</span> 
     </span>
     <span class='ocr_line' id='line_1_30' title="bbox 1953 3674 1980 3715; baseline 0 0"><span class='ocrx_word' id='word_1_193' title='bbox 1953 3674 1980 3715; x_wconf 77' lang='lat'>4</span> 
     </span>
    </p>
   </div>
  </div>
 </body>
</html>
