2462 4186
1253 434 1317 484 10

345 606 492 673 tium,
527 609 621 675 qui
654 624 764 676 cap.
808 609 870 658 17
907 613 1368 675 commemoratur,
1403 609 1634 660 eundem
1672 625 1789 661 esse
1817 614 1976 678 atque
1998 626 2138 677 eum,
2161 611 2226 663 de

346 728 452 779 quo
492 713 734 780 loquitur
772 716 957 764 auctor
994 714 1164 781 capite
1200 715 1283 764 20.
1319 712 1514 765 Contra
1549 712 1826 776 GraeviUS,
1858 712 2225 780 CasaubonuS,

342 814 770 885 Oudendorpius,
803 816 1176 884 RuhnkeniuS,
1202 817 1427 869 Wolfius
1454 818 1796 870 crediderunt
1818 818 2057 871 diversos
2078 820 2221 872 viros

340 934 469 970 esse.
513 918 660 981 Quae
699 926 875 973 tamen
917 926 1094 973 notata
1133 923 1551 989 praetermittere
1591 923 2056 990 possumuS,.quia
2090 923 2221 976 nihil

340 1027 468 1076 satis
490 1030 697 1077 constat
718 1026 781 1077 de
807 1024 991 1077 Vettiis
1011 1026 1132 1093 illis,
1156 1042 1330 1094 neque
1354 1043 1592 1094 unquam
1617 1027 1732 1078 sine
1753 1026 2025 1094 subsidiiS,
2047 1029 2221 1080 adhuc

339 1132 624 1199 irrepertis,
658 1146 784 1183 vera
816 1130 1059 1183 Suetonii
1090 1130 1252 1183 verba
1285 1131 1400 1182 loco
1424 1132 1702 1199 posteriori
1723 1132 1934 1183 restitui
1955 1137 2222 1200 poterunt.

412 1235 706 1288 Videamus
779 1242 955 1288 autem
1016 1236 1080 1288 de
1139 1236 1254 1287 loco
1315 1239 1425 1304 cap.
1494 1236 1573 1289 17.
1635 1235 1764 1288 Post
1821 1235 2217 1305 Burmannum,

339 1340 646 1392 Ernestium
719 1341 799 1407 al.,
867 1340 1095 1392 Rothius
1167 1341 1342 1392 adhuc
1406 1342 1639 1393 servavit
1698 1346 1904 1393 textum
1968 1342 2217 1394 traditum

338 1443 522 1513 indice,
576 1461 697 1496 cum
753 1445 995 1513 plerique
1041 1445 1269 1498 editores
1311 1445 1490 1513 legant
1529 1444 1724 1497 Iudice.
1767 1445 1883 1497 Hoc
1923 1462 2218 1514 cognomen

349 1548 513 1601 Vettio
566 1554 915 1601 asseruerunt
964 1565 992 1602 e
1034 1549 1374 1617 membranis,
1415 1551 1650 1601 nummis
1691 1558 1742 1602 et
1782 1550 2065 1618 lapidibus.
2105 1550 2217 1601 Vix

337 1654 478 1704 enim
539 1653 791 1705 credibile
843 1658 923 1705 est
986 1652 1211 1705 Vettium
1264 1659 1506 1706 nostrum
1563 1659 1773 1723 propter
1823 1655 2083 1707 indicium
2126 1671 2219 1724 per

337 1759 718 1810 contumeliam
770 1758 1005 1810 Iudicem
1061 1759 1384 1827 appellatum
1439 1775 1570 1827 esse,
1620 1776 1741 1811 cum
1795 1760 1960 1812 index
2000 1776 2216 1829 quoque

338 1869 477 1914 esset
518 1861 575 1924 Q.
619 1862 829 1930 Curius,
868 1865 955 1915 cui
997 1869 1172 1916 tamen
1214 1881 1410 1917 nomen
1450 1866 1585 1916 illud
1627 1882 1735 1916 non
1773 1866 1955 1917 datum
1995 1871 2087 1918 est.
2110 1865 2214 1918 Sed

337 1969 495 2019 etiam
553 1969 605 2018 in
669 1969 1023 2037 sequentibus
1062 1969 1266 2037 aliquid
1306 1974 1486 2021 exstat
1525 1970 1754 2022 obscuri.
1798 1969 1989 2035 Quinto
2035 1966 2209 2037 Curia,

335 2071 473 2139 quod
506 2072 720 2140 primus
755 2072 974 2124 consilia
1013 2073 1407 2125 coniuratorum
1451 2074 1731 2141 detexerat,
1771 2075 2055 2127 constituta
2094 2079 2219 2127 sunt

331 2177 533 2241 publice
588 2179 841 2243 praemia.
885 2178 1007 2246 Cur,
1051 2195 1262 2247 quaese,
1299 2180 1426 2231 haec
1465 2181 1700 2247 praemia
1739 2181 2109 2232 tantummodo
2153 2179 2212 2243 Q.

337 2281 498 2334 Curio
552 2289 602 2335 et
656 2300 760 2335 non
802 2283 857 2335 L.
897 2284 1076 2337 Vettio
1116 2286 1407 2336 constituta
1448 2289 1589 2351 sunt,
1631 2301 1753 2336 cum
1797 2285 1960 2337 simul
2001 2284 2214 2337 Vettius

337 2387 637 2446 Caesarem,
668 2391 1013 2457 accusaverit,
1053 2405 1278 2457 eamque
1319 2389 1384 2441 ob
1426 2406 1640 2441 causam
1685 2388 1741 2451 Q.
1780 2388 1974 2441 Curius
2004 2389 2215 2454 primus

336 2494 599 2544 nominari
654 2510 760 2545 non
812 2495 1020 2562 possit?
1077 2493 1358 2560 Quoniam,
1414 2496 1516 2546 nisi
1553 2496 1731 2546 omnia
1771 2510 1856 2546 me
1895 2494 2107 2561 fallunt,
2151 2492 2211 2556 Q.
2288 2549 2291 2551 ,

336 2597 530 2650 Curius
569 2599 691 2667 plus
729 2598 853 2651 fecit
892 2616 1053 2667 quam
1093 2598 1320 2651 Vettius.
1364 2598 1531 2661 Credo
1554 2615 1679 2667 ergo
1702 2599 1874 2651 solum
1901 2597 1961 2661 Q.
1987 2598 2207 2650 Curium

334 2708 695 2756 accusatorem
752 2703 921 2756 fuisse
980 2708 1031 2756 et
1089 2704 1229 2772 apud
1290 2710 1626 2772 quaestorem
1682 2705 1827 2756 etin
1870 2709 2075 2772 senatu,
2116 2704 2210 2756 sed

332 2808 393 2859 L.
453 2805 618 2861 Vettio
657 2808 838 2876 indice,
874 2810 908 2860 i.
951 2825 1021 2861 e.:
1066 2825 1200 2861 usus
1241 2814 1320 2861 est
1362 2808 1557 2861 Curius
1596 2809 1825 2872 indiciis,
1863 2810 2207 2862 testimoniis-

334 2929 454 2981 que,
507 2929 644 2982 quae
703 2915 752 2966 ei
811 2914 1058 2966 attulerat
1115 2913 1347 2967 Vettius,
1411 2913 1699 2982 Postquam
1754 2918 1932 2966 autem
1986 2914 2210 2966 delatori

332 3020 564 3087 praemia
623 3020 833 3072 decreta
892 3024 1034 3087 sunt,
1085 3019 1299 3071 Vettius
1353 3035 1584 3088 quoque,
1625 3020 1779 3088 pretii
1819 3019 2064 3088 cupidus,
2105 3025 2208 3072 tes-

330 3125 555 3175 timonia
597 3125 867 3193 pollicitus
909 3129 989 3177 est
1027 3126 1083 3176 in
1126 3125 1324 3193 quibus
1357 3124 1605 3177 Caesaris
1645 3125 1940 3194 epistulam.

406 3229 704 3282 Levissima
742 3246 867 3299 ergo
910 3233 1220 3297 mutatione,
1261 3230 1470 3283 sublata
1509 3232 1901 3299 praepositione
1939 3247 1988 3296 a,
2027 3230 2204 3298 legen-

334 3335 460 3386 dum
503 3339 661 3402 puto:
687 3375 695 3384 .
720 3374 764 3385 ..
805 3334 943 3386 inter
982 3335 1140 3386 socios
1185 3333 1444 3387 Catilinae
1482 3335 1793 3402 nominatuS,
1828 3339 1876 3386 et
1915 3335 2062 3403 apud
2098 3334 2206 3386 No-

334 3439 471 3490 vium
528 3439 754 3506 Niyram
812 3445 1148 3508 quaestorem,
1202 3440 1262 3491 L.
1327 3439 1492 3492 Vettio
1531 3440 1716 3509 indice,
1758 3444 1806 3492 et
1845 3440 1902 3492 in
1940 3444 2130 3492 senatu
2169 3457 2204 3491 a

337 3543 394 3609 Q.
455 3542 624 3596 Cario.
686 3543 847 3596 Varia
905 3545 1033 3597 haec
1085 3545 1338 3612 loquendi
1379 3546 1512 3596 ratio
1554 3561 1709 3614 saepe
1748 3546 2023 3597 invenitur
2060 3543 2202 3612 apud
