2462 4186
1154 471 1224 521 45

251 647 386 713 licet,
425 646 519 698 sed
560 646 833 697 videamus
874 643 1105 696 breviter
1144 645 1272 712 quid
1314 645 1378 696 de
1417 662 1474 698 re
1507 650 1719 698 narrata
1752 646 1975 700 firmiter
1996 663 2117 699 con·

251 755 355 804 stet
391 751 532 820 apud
571 754 815 802 auctores
855 752 1075 801 veteres.

320 855 511 907 Ianum
554 853 836 917 Quirinum
878 872 908 906 a
947 854 1160 923 condita
1201 853 1329 905 urbe
1368 853 1450 906 bis
1484 856 1702 906 omnino
1734 855 1973 907 clausum
2000 872 2117 909 esse

250 964 371 1012 ante
428 961 663 1028 Augusti
722 964 946 1027 tempus,
991 962 1269 1024 testantur,
1310 958 1497 1010 iisdem
1538 958 1647 1010 fere
1686 959 1878 1026 verbis,
1917 958 2119 1024 LiviuS,

248 1063 338 1116 lib.
396 1063 436 1114 I.
498 1065 595 1128 193
654 1064 975 1115 Plutarchus
1031 1064 1088 1114 in
1146 1062 1355 1114 Numae
1412 1063 1646 1130 historia,
1687 1080 1729 1115 c.
1773 1065 1871 1129 203
1914 1063 2122 1132 Florus,

247 1168 335 1220 lib.
387 1168 480 1219 IV.
526 1184 567 1219 c.
611 1168 692 1220 12.
735 1169 832 1233 643
874 1167 1009 1219 Vell.
1051 1167 1380 1235 Paterculu8‚
1421 1166 1508 1218 lib.
1548 1167 1616 1218 ΙΙ.
1659 1184 1699 1219 c.
1744 1169 1812 1219 38
1846 1173 1904 1221 et
1942 1169 2116 1237 ipsum

145 1266 148 1267 ⁷
247 1272 657 1324 Monumentum
718 1258 1084 1339 Ancyranum.
1136 1270 1216 1324 De
1266 1272 1464 1340 templo
1518 1271 1699 1324 clauso
1744 1271 1843 1324 sub
1885 1274 2119 1340 Augusti

246 1393 409 1446 regno
469 1382 609 1429 certa
667 1377 896 1445 legimus
954 1378 1257 1429 testimonia
1308 1377 1448 1445 apud
1500 1375 1655 1428 Dion.
1699 1376 1958 1444 Cassium,
1998 1377 2121 1430 Vel-

248 1484 430 1549 leium,
470 1482 817 1553 Plutarchum
859 1487 911 1534 et
951 1481 1214 1549 Orosium,
1250 1482 1395 1534 unde
1429 1483 1629 1534 scimus
1662 1481 1852 1534 Ianum
1876 1483 2117 1534 clausum

247 1588 415 1640 fuisse
454 1604 593 1640 anno
636 1589 705 1639 29
748 1605 791 1639 a.
832 1586 967 1655 Chr„
1005 1592 1124 1656 post
1165 1587 1432 1639 devictum
1474 1588 1786 1655 Antonium,
1826 1586 1945 1653 (Dio
1977 1587 2118 1640 Cass.

245 1694 335 1745 lib.
392 1693 475 1744 LI.
518 1710 560 1744 c.
604 1694 701 1758 293
743 1692 1001 1759 Velleius,
1039 1691 1127 1743 lib.
1167 1691 1235 1742 II.
1278 1708 1319 1743 c.
1362 1693 1463 1757 383
1505 1691 1844 1759 PlutarchuS,
1884 1690 1965 1744 De
2002 1692 2119 1744 fort.

245 1797 468 1850 Roman.
508 1814 549 1849 c.
594 1799 654 1862 93
696 1796 933 1864 Orosius,
971 1796 1058 1847 lib.
1098 1796 1190 1847 VI.
1232 1813 1273 1847 c.
1315 1797 1400 1848 20.
1444 1798 1495 1862 8)
1535 1800 1587 1847 et
1626 1797 1819 1848 iterum
1858 1812 1998 1847 anno
2034 1797 2121 1862 25,

247 1909 364 1972 post
415 1907 689 1972 superatos
744 1902 1049 1970 Cantabros,
1103 1901 1223 1969 (Dio
1270 1901 1411 1955 Cass.
1451 1902 1539 1954 lib.
1579 1902 1718 1954 LIII.
1759 1919 1800 1954 c.
1844 1903 1943 1967 273
1986 1900 2116 1953 Oro-

246 2010 376 2076 sius,
414 2008 501 2060 lib.
541 2008 635 2059 VI.
676 2024 718 2059 c.
758 2008 842 2058 21.
886 2009 951 2072 1).
991 2007 1152 2059 Haud
1193 2007 1354 2060 dubie
1394 2024 1519 2075 ergo
1559 2011 1765 2060 constat
1804 2008 2113 2076 Augustum

247 2113 323 2166 bis
375 2113 493 2164 Iani
542 2112 798 2181 templum
840 2112 1112 2179 clausisse,
1152 2111 1243 2164 sed
1285 2112 1350 2163 de
1387 2112 1480 2163 illo
1519 2113 1733 2163 tertium
1776 2111 1957 2162 clauso
1996 2110 2117 2161 nul·

245 2218 358 2270 lum
417 2217 675 2269 habemus
726 2217 1092 2269 testimonium
1153 2218 1241 2267 cui
1278 2215 1442 2267 fidere
1481 2217 1761 2284 possimus.
1803 2214 1958 2266 Unus
2001 2219 2116 2266 tan-

244 2324 520 2376 tummodo
566 2327 742 2375 exstat
782 2323 947 2389 locus,
986 2322 1079 2374 ubi
1118 2325 1365 2374 narratur
1402 2321 1712 2389 Augustum
1755 2320 1930 2371 denuo
1970 2319 2115 2370 clau-

244 2430 377 2481 sisse
413 2428 604 2481 Ianum
645 2443 784 2480 anno
826 2429 857 2478 2
897 2443 940 2479 a.
982 2425 1099 2479 Chr.
1140 2425 1396 2492 (Orosius,
1435 2425 1524 2476 lib.
1557 2424 1649 2476 VI.
1686 2440 1727 2476 c.
1764 2425 1849 2475 22.
1889 2424 1951 2489 l),
1974 2423 2116 2491 quod

242 2533 441 2585 factum
501 2550 531 2585 a
588 2533 736 2584 nullo
797 2531 898 2583 alio
958 2532 1213 2599 scriptore
1274 2529 1630 2582 confirmatur.
1688 2526 1790 2579 Dio
1831 2526 1936 2593 (lib.
1976 2526 2114 2578 LIV.

244 2654 352 2706 cap.
408 2638 495 2705 36)
547 2640 803 2690 memorat
855 2640 1100 2688 senatum
1151 2635 1414 2703 templum
1470 2634 1645 2686 claudi
1696 2634 1920 2685 iussisse
1974 2649 2114 2684 anno

249 2744 314 2795 10
355 2760 398 2795 a.
441 2742 574 2809 Chr,
614 2743 757 2811 quod
795 2746 974 2794 tamen
1014 2740 1302 2793 Daciorum
1344 2739 1630 2791 rebellione
1667 2738 1980 2807 impeditum
2021 2741 2115 2789 est.

245 2847 332 2899 Sic
371 2851 547 2900 autem
589 2846 998 2898 Monumentum
1039 2846 1390 2911 Ancyranum
1432 2843 1728 2911 intelligere
1767 2847 1819 2894 et
1856 2844 2116 2911 interpre-

243 2953 344 3004 tari
399 2967 702 3020 possumuS,
760 2949 854 3002 ubi
911 2950 1166 3018 legimus:
1234 2946 1400 3014 „Cum
1462 2948 1602 3013 (que)
1660 2962 1691 2997 a
1731 2946 1943 2997 condita
1984 2944 2114 2996 urbe

242 3057 435 3110 Ianum
488 3056 772 3119 Quirinum
814 3054 896 3106 bis
936 3055 1152 3106 omnino
1194 3053 1438 3104 clausum
1478 3025 1954 3118 fuisse-prodatur,
1992 3065 2114 3102 eum

245 3161 475 3213 Senatus
525 3175 619 3228 per
671 3174 754 3211 me
806 3158 1107 3226 Principem
1158 3162 1238 3209 ter
1289 3154 1644 3207 claudendum
1686 3169 1802 3206 esse
1839 3152 2047 3220 iussit,''
2088 3169 2117 3205 e

251 3264 448 3333 quibus
506 3263 683 3316 verbis
742 3278 888 3314 nunc
947 3265 1164 3330 apparet
1224 3260 1306 3312 bis
1347 3275 1531 3311 revera
1572 3237 1844 3326 templum‘
1869 3258 2112 3309 clausum

242 3368 422 3435 fuisse,
462 3367 555 3420 sed
592 3368 808 3419 tertium
851 3365 1121 3417 decretum
1162 3364 1218 3415 id
1259 3363 1474 3432 quidem
1526 3379 1556 3414 a
1595 3365 1782 3414 senatu
1820 3361 2003 3427 fuisse,
2042 3365 2116 3412 at-

230 3477 421 3524 ·tamen
460 3470 717 3539 templum
754 3473 994 3538 apertum
1037 3469 1311 3520 mansisse.

326 3575 458 3626 Cum
500 3591 624 3643 ergo
659 3574 937 3625 videamus
972 3572 1036 3624 de
1069 3571 1278 3623 duobus
1312 3571 1393 3622 his
1426 3569 1579 3620 factis
1601 3568 1967 3619 tantummodo
1989 3569 2116 3618 satis
