2462 4186
1247 409 1317 460 40

346 583 551 636 verbis:
605 583 759 652 qnasi
795 582 1045 634 elassibus
1084 586 1379 647 tempestate
1413 582 1650 648 perditis.
1692 581 1853 634 Nulla
1894 582 1979 633 hic
2020 584 2219 634 mentio

340 688 403 740 fit
453 687 733 756 naufragii,
786 688 1041 755 quoniam
1093 703 1161 740 ex
1202 686 1537 739 substantivo
1577 689 1851 751 tempestas
1890 686 2019 739 satis
2058 703 2214 756 appa·

343 796 422 844 ret
480 791 794 843 calamitatis
853 791 1000 842 ratio.
1063 789 1271 852 Quibus
1331 791 1396 844 de
1455 791 1632 843 causis
1691 806 1799 842 non
1859 790 2016 843 credo
2059 789 2220 844 verba

342 896 539 962 duplici
582 894 866 963 naufragio
906 911 937 946 a
976 894 1233 947 Suetonio
1274 896 1468 964 scripta
1508 910 1645 960 esse,
1683 895 1775 947 sed
1816 911 1845 948 e
1885 896 2123 964 margine
2161 895 2218 946 in

339 1005 548 1053 textum
590 999 846 1052 traditum
885 1000 1175 1068 irrepsisse.

645 1153 768 1224 Gap.
810 1154 889 1206 19.
936 1153 1209 1206 Tumultus
1243 1152 1457 1218 posthac
1488 1158 1535 1205 et
1568 1170 1747 1206 rerum
1779 1169 2034 1206 novarum
2063 1153 2224 1207 initia

714 1258 1194 1328 coniurationesque
1234 1257 1533 1327 complures,
1563 1258 1720 1327 prins
1754 1275 1913 1328 quam
1945 1258 2223 1312 invalesce-

716 1369 834 1416 rent
887 1363 1080 1415 indicio
1137 1363 1373 1430 detectas,
1430 1363 1726 1431 compressit
1775 1362 1912 1415 alias
1963 1362 2067 1416 alio
2102 1368 2224 1416 tem-

711 1484 867 1533 pore:
922 1467 1111 1536 Lepidi
1160 1467 1380 1535 iuvenis,
1434 1467 1620 1520 deinde
1670 1466 1925 1520 Varronis
1964 1468 2226 1521 Murenae

717 1579 764 1626 et
820 1572 1006 1625 Fanni
1068 1571 1360 1640 Caepionis,
1382 1613 1392 1624 .
1416 1613 1427 1624 .
1450 1613 1493 1624 ..
1551 1571 1624 1624 ad
1676 1576 1959 1625 extremum
2003 1572 2225 1642 Telephi,

720 1687 954 1740 mulieris
990 1688 1125 1741 servi
1162 1686 1615 1740 nomenculatoris,

424 1843 490 1895 In
528 1843 628 1894 hoc
665 1842 780 1894 loco
820 1841 1095 1893 tractando
1137 1857 1244 1893 non
1284 1857 1506 1910 possum
1543 1842 1676 1910 quin
1709 1842 1939 1895 admirer
1960 1859 2226 1896 summam

353 1948 646 2000 doctrinam
689 1950 740 1998 et
779 1947 1248 2014 perseverantiam,
1288 1962 1449 2014 quam
1483 1945 1844 1999 adhibuerunt
1866 1946 2106 2016 plerique
2128 1949 2230 2000 viri

353 2053 495 2104 docti
536 2055 595 2103 ut
633 2052 1111 2119 interpretarentur
1151 2054 1359 2103 textum
1399 2050 1670 2103 traditum.
1712 2050 1814 2104 Sed
1853 2051 2069 2121 frustra,
2105 2070 2228 2106 nam

352 2157 598 2209 funditus
632 2160 880 2224 corrupta
913 2159 1041 2208 sunt
1067 2154 1331 2207 vocabula
1352 2171 1490 2224 quae
1510 2154 1664 2208 nobis
1685 2155 1940 2209 exhibent
1959 2156 2082 2209 libri
2102 2156 2228 2210 Mss,

427 2262 576 2315 Inter
621 2262 794 2313 varias
834 2261 1245 2329 coniurationes,
1285 2277 1419 2329 quas
1459 2262 1772 2330 compressit
1810 2262 2110 2332 Augustus,
2147 2263 2229 2316 ul-

356 2369 539 2419 timam
593 2369 871 2418 enumerat
910 2369 1095 2417 auctor
1131 2363 1353 2432 Telephi,
1393 2366 1803 2419 nomenclatoris
1841 2365 2138 2434 cuiusdam,
2177 2369 2230 2418 et

353 2472 501 2524 addit
536 2471 824 2540 Telephum
866 2469 1034 2522 fuisse
1072 2485 1278 2522 servum
1316 2469 1567 2522 mulieris,

404 2566 573 2639 ‘Quid
632 2578 701 2630 sit
758 2576 1135 2643 nomenclator,
1194 2591 1351 2628 nemo
1411 2579 1492 2628 est
1553 2576 1647 2644 qui
1704 2576 1927 2644 ignoret,
1967 2575 2060 2628 sed
2100 2575 2230 2644 quid

358 2683 485 2735 velit
542 2683 642 2734 hoc
699 2682 815 2734 loco
874 2681 1294 2734 additamentum
1353 2679 1589 2733 mulieris
1638 2681 1788 2748 servi,
1827 2696 1983 2733 nemo
2021 2684 2100 2733 est
2139 2681 2234 2748 qui

360 2789 488 2840 satis
542 2787 809 2856 explicare
858 2787 1038 2855 possit.
1092 2785 1528 2839 Nomenclatores
1570 2801 1779 2854 semper
1818 2784 2039 2837 fuerunt
2077 2785 2234 2852 servi,

361 2892 565 2945 nullam
618 2908 742 2961 ergo
796 2891 1077 2944 utilitatem
1131 2890 1288 2943 habet
1338 2891 1468 2943 haec
1505 2890 1648 2942 tituli
1687 2891 2107 2959 circumscriptio
2147 2890 2234 2942 vel

362 3000 617 3067 repetitio
668 2998 837 3050 Multa
889 3002 1067 3050 tamen
1121 2998 1220 3048 viri
1261 2998 1401 3049 docti
1439 2999 1495 3048 in
1536 2995 1971 3050 annotationibus
2014 3012 2234 3050 monue-

362 3107 506 3171 runt,
546 3119 682 3171 quae
720 3103 854 3154 nihil
895 3103 960 3154 ad
1000 3118 1111 3155 rem
1151 3101 1368 3154 faciunt.
1409 3101 1794 3155 Disseruerunt
1834 3102 1898 3154 de
1932 3101 2234 3154 nomencla-

364 3209 492 3260 toris
531 3224 753 3261 munere
793 3207 1161 3276 CasaubonuS,
1199 3207 1628 3281 OudendorpiuS,
1663 3206 1905 3275 Wolfius,
1938 3191 2236 3276 ErnestiuS,

364 3313 739 3379 Burmannus;
801 3313 865 3365 de
920 3313 1091 3364 forma
1143 3312 1745 3370 nomenculatorisssfere
1794 3312 1970 3364 iidem.
2011 3311 2238 3381 Egregie

365 3422 541 3471 tamen
578 3418 837 3471 falluntur
877 3434 1062 3470 omnes
1100 3419 1429 3487 interpreteS,
1463 3422 1572 3470 tam
1608 3422 1828 3486 vetereS‚
1864 3434 2024 3487 quam
2057 3432 2237 3470 recen-

365 3525 542 3591 tioreS,
581 3525 626 3575 si
666 3522 891 3575 credunt
931 3522 1250 3574 vocabulum
1291 3521 1523 3575 mulieris
1563 3539 1746 3575 sanam
1787 3538 1915 3575 esse.
1952 3520 2085 3586 Quis
2120 3538 2236 3575 mu-
