<?xml version="1.0" encoding="UTF-8"?>
<!DOCTYPE html PUBLIC "-//W3C//DTD XHTML 1.0 Transitional//EN"
    "http://www.w3.org/TR/xhtml1/DTD/xhtml1-transitional.dtd">
<html xmlns="http://www.w3.org/1999/xhtml" xml:lang="en" lang="en">
 <head>
  <title>
</title>
<meta http-equiv="Content-Type" content="text/html;charset=utf-8" />
  <meta name='ocr-system' content='tesseract 3.04.00' />
  <meta name='ocr-capabilities' content='ocr_page ocr_carea ocr_par ocr_line ocrx_word'/>
</head>
<body>
  <div class='ocr_page' id='page_1' title='image "./spicilegiumcriti00koopuoft_0080.png"; bbox 0 0 2462 4186; ppageno 0'>
   <div class='ocr_carea' id='block_1_1' title="bbox 1273 425 1343 477">
    <p class='ocr_par' dir='ltr' id='par_1_1' title="bbox 1273 425 1343 477">
     <span class='ocr_line' id='line_1_1' title="bbox 1273 425 1343 477; baseline 0.014 -1"><span class='ocrx_word' id='word_1_1' title='bbox 1273 425 1343 477; x_wconf 89' lang='lat'><strong><em>68</em></strong></span> 
     </span>
    </p>
   </div>
   <div class='ocr_carea' id='block_1_2' title="bbox 735 600 2246 760">
    <p class='ocr_par' dir='ltr' id='par_1_2' title="bbox 735 600 2246 760">
     <span class='ocr_line' id='line_1_2' title="bbox 735 600 2246 672; baseline 0 -17"><span class='ocrx_word' id='word_1_2' title='bbox 735 619 949 655; x_wconf 76' lang='lat' dir='ltr'><strong><em>caenam</em></strong></span> <span class='ocrx_word' id='word_1_3' title='bbox 988 617 1305 672; x_wconf 88' lang='lat' dir='ltr'><strong><em>quocumque</em></strong></span> <span class='ocrx_word' id='word_1_4' title='bbox 1340 606 1561 670; x_wconf 79' lang='lat' dir='ltr'><strong><em>tempore</em></strong></span> <span class='ocrx_word' id='word_1_5' title='bbox 1598 604 1646 654; x_wconf 75' lang='lat' dir='ltr'><strong><em>et</em></strong></span> <span class='ocrx_word' id='word_1_6' title='bbox 1684 600 1801 670; x_wconf 82' lang='lat' dir='ltr'><strong><em>loco,</em></strong></span> <span class='ocrx_word' id='word_1_7' title='bbox 1837 618 1937 671; x_wconf 93' lang='lat' dir='ltr'><strong><em>quo</em></strong></span> <span class='ocrx_word' id='word_1_8' title='bbox 1955 601 2246 656; x_wconf 80' lang='lat' dir='ltr'><strong><em>stomachus</em></strong></span> 
     </span>
     <span class='ocr_line' id='line_1_3' title="bbox 735 707 1085 760; baseline -0.003 0"><span class='ocrx_word' id='word_1_9' title='bbox 735 707 1085 760; x_wconf 79' lang='lat' dir='ltr'><strong><em>desiderasset.</em></strong></span> 
     </span>
    </p>
   </div>
   <div class='ocr_carea' id='block_1_3' title="bbox 361 912 2322 3615">
    <p class='ocr_par' dir='ltr' id='par_1_3' title="bbox 361 912 2322 2441">
     <span class='ocr_line' id='line_1_4' title="bbox 439 912 2246 985; baseline 0.001 -18"><span class='ocrx_word' id='word_1_10' title='bbox 439 914 715 968; x_wconf 85' lang='lat' dir='ltr'><strong><em>Vocabula</em></strong></span> <span class='ocrx_word' id='word_1_11' title='bbox 753 929 854 983; x_wconf 92' lang='lat' dir='ltr'><strong><em>quo</em></strong></span> <span class='ocrx_word' id='word_1_12' title='bbox 892 912 1183 966; x_wconf 80' lang='lat' dir='ltr'><strong><em>stomachus</em></strong></span> <span class='ocrx_word' id='word_1_13' title='bbox 1222 913 1350 965; x_wconf 86' lang='lat' dir='ltr'><strong><em>dant</em></strong></span> <span class='ocrx_word' id='word_1_14' title='bbox 1389 929 1574 966; x_wconf 90' lang='lat' dir='ltr'><strong><em>omnes</em></strong></span> <span class='ocrx_word' id='word_1_15' title='bbox 1609 913 1733 966; x_wconf 87' lang='lat' dir='ltr'><strong>libri</strong></span> <span class='ocrx_word' id='word_1_16' title='bbox 1773 913 1916 983; x_wconf 59' lang='lat' dir='ltr'><strong><em>Mss„</em></strong></span> <span class='ocrx_word' id='word_1_17' title='bbox 1949 931 2246 985; x_wconf 88' lang='lat' dir='ltr'><strong><em>omnesque</em></strong></span> 
     </span>
     <span class='ocr_line' id='line_1_5' title="bbox 364 1017 2247 1088; baseline 0.001 -16"><span class='ocrx_word' id='word_1_18' title='bbox 364 1021 474 1074; x_wconf 85' lang='lat' dir='ltr'><strong><em>fere</em></strong></span> <span class='ocrx_word' id='word_1_19' title='bbox 513 1020 790 1086; x_wconf 84' lang='lat' dir='ltr'><strong><em>editiones,</em></strong></span> <span class='ocrx_word' id='word_1_20' title='bbox 828 1022 1036 1087; x_wconf 86' lang='lat' dir='ltr'><strong><em>praeter</em></strong></span> <span class='ocrx_word' id='word_1_21' title='bbox 1074 1018 1195 1070; x_wconf 92' lang='lat' dir='ltr'><strong><em>Ald.</em></strong></span> <span class='ocrx_word' id='word_1_22' title='bbox 1238 1017 1492 1087; x_wconf 81' lang='lat' dir='ltr'><strong><em>Stephani</em></strong></span> <span class='ocrx_word' id='word_1_23' title='bbox 1524 1022 1579 1071; x_wconf 92' lang='lat' dir='ltr'><strong><em>et</em></strong></span> <span class='ocrx_word' id='word_1_24' title='bbox 1612 1017 1824 1071; x_wconf 83' lang='lat' dir='ltr'><strong><em>Graevii</em></strong></span> <span class='ocrx_word' id='word_1_25' title='bbox 1845 1019 2087 1088; x_wconf 90' lang='lat' dir='ltr'><strong><em>primam,</em></strong></span> <span class='ocrx_word' id='word_1_26' title='bbox 2110 1036 2247 1088; x_wconf 86' lang='lat' dir='ltr'><strong><em>quae</em></strong></span> 
     </span>
     <span class='ocr_line' id='line_1_6' title="bbox 365 1123 2247 1194; baseline 0.001 -17"><span class='ocrx_word' id='word_1_27' title='bbox 365 1125 661 1177; x_wconf 90' lang='lat' dir='ltr'><strong><em>omiserunt</em></strong></span> <span class='ocrx_word' id='word_1_28' title='bbox 721 1139 836 1192; x_wconf 91' lang='lat' dir='ltr'><strong><em>quo,</em></strong></span> <span class='ocrx_word' id='word_1_29' title='bbox 890 1123 1034 1192; x_wconf 90' lang='lat' dir='ltr'><strong><em>quod</em></strong></span> <span class='ocrx_word' id='word_1_30' title='bbox 1086 1125 1246 1176; x_wconf 86' lang='lat' dir='ltr'><strong><em>etiam</em></strong></span> <span class='ocrx_word' id='word_1_31' title='bbox 1288 1124 1408 1175; x_wconf 90' lang='lat' dir='ltr'><strong><em>eiici</em></strong></span> <span class='ocrx_word' id='word_1_32' title='bbox 1449 1124 1738 1176; x_wconf 89' lang='lat' dir='ltr'><strong><em>voluerunt</em></strong></span> <span class='ocrx_word' id='word_1_33' title='bbox 1776 1123 1990 1194; x_wconf 84' lang='lat' dir='ltr'><strong><em>Lipsius</em></strong></span> <span class='ocrx_word' id='word_1_34' title='bbox 2031 1129 2083 1178; x_wconf 89' lang='lat' dir='ltr'><strong><em>et</em></strong></span> <span class='ocrx_word' id='word_1_35' title='bbox 2121 1125 2247 1178; x_wconf 83' lang='lat' dir='ltr'><strong><em>Tor-</em></strong></span> 
     </span>
     <span class='ocr_line' id='line_1_7' title="bbox 362 1227 2249 1299; baseline 0.001 -17"><span class='ocrx_word' id='word_1_36' title='bbox 362 1232 583 1283; x_wconf 88' lang='lat' dir='ltr'><strong><em>rentius.</em></strong></span> <span class='ocrx_word' id='word_1_37' title='bbox 627 1227 902 1291; x_wconf 81' lang='lat' dir='ltr'><strong><em>Quantum</em></strong></span> <span class='ocrx_word' id='word_1_38' title='bbox 945 1227 1115 1295; x_wconf 88' lang='lat' dir='ltr'><strong><em>vide0‚</em></strong></span> <span class='ocrx_word' id='word_1_39' title='bbox 1153 1231 1309 1295; x_wconf 88' lang='lat' dir='ltr'><strong><em>recte,</em></strong></span> <span class='ocrx_word' id='word_1_40' title='bbox 1348 1244 1470 1280; x_wconf 89' lang='lat' dir='ltr'><strong><em>nam</em></strong></span> <span class='ocrx_word' id='word_1_41' title='bbox 1505 1244 1604 1281; x_wconf 91' lang='lat' dir='ltr'><strong><em>nec</em></strong></span> <span class='ocrx_word' id='word_1_42' title='bbox 1640 1227 2006 1299; x_wconf 90' lang='lat' dir='ltr'><strong><em>Oudendorpii</em></strong></span> <span class='ocrx_word' id='word_1_43' title='bbox 2040 1231 2249 1283; x_wconf 90' lang='lat' dir='ltr'><strong><em>coniec-</em></strong></span> 
     </span>
     <span class='ocr_line' id='line_1_8' title="bbox 361 1333 2248 1403; baseline 0.001 -16"><span class='ocrx_word' id='word_1_44' title='bbox 361 1340 483 1388; x_wconf 85' lang='lat' dir='ltr'><strong><em>tura</em></strong></span> <span class='ocrx_word' id='word_1_45' title='bbox 541 1350 742 1403; x_wconf 91' lang='lat' dir='ltr'><strong><em>quoquo</em></strong></span> <span class='ocrx_word' id='word_1_46' title='bbox 803 1333 921 1401; x_wconf 85' lang='lat' dir='ltr'><strong><em>loco,</em></strong></span> <span class='ocrx_word' id='word_1_47' title='bbox 980 1349 1079 1386; x_wconf 91' lang='lat' dir='ltr'><strong><em>nec</em></strong></span> <span class='ocrx_word' id='word_1_48' title='bbox 1140 1333 1243 1385; x_wconf 87' lang='lat' dir='ltr'><strong><em>alia</em></strong></span> <span class='ocrx_word' id='word_1_49' title='bbox 1287 1333 1441 1386; x_wconf 89' lang='lat' dir='ltr'><strong><em>lectio</em></strong></span> <span class='ocrx_word' id='word_1_50' title='bbox 1494 1334 1644 1403; x_wconf 85' lang='lat' dir='ltr'><strong><em>quod,</em></strong></span> <span class='ocrx_word' id='word_1_51' title='bbox 1698 1351 1836 1403; x_wconf 90' lang='lat' dir='ltr'><strong><em>quae</em></strong></span> <span class='ocrx_word' id='word_1_52' title='bbox 1873 1336 1928 1387; x_wconf 92' lang='lat' dir='ltr'><strong><em>in</em></strong></span> <span class='ocrx_word' id='word_1_53' title='bbox 1970 1337 2248 1389; x_wconf 87' lang='lat' dir='ltr'><strong><em>nonnullis</em></strong></span> 
     </span>
     <span class='ocr_line' id='line_1_9' title="bbox 363 1438 2249 1510; baseline 0.002 -20"><span class='ocrx_word' id='word_1_54' title='bbox 363 1439 750 1492; x_wconf 86' lang='lat' dir='ltr'><strong><em>vetustioribus</em></strong></span> <span class='ocrx_word' id='word_1_55' title='bbox 791 1439 987 1507; x_wconf 87' lang='lat' dir='ltr'><strong><em>legitur</em></strong></span> <span class='ocrx_word' id='word_1_56' title='bbox 1025 1438 1367 1507; x_wconf 81' lang='lat' dir='ltr'><strong><em>editionibuS,</em></strong></span> <span class='ocrx_word' id='word_1_57' title='bbox 1406 1440 1696 1507; x_wconf 88' lang='lat' dir='ltr'><strong><em>meliorem,</em></strong></span> <span class='ocrx_word' id='word_1_58' title='bbox 1729 1441 2110 1510; x_wconf 88' lang='lat' dir='ltr'><strong><em>purioremque</em></strong></span> <span class='ocrx_word' id='word_1_59' title='bbox 2131 1442 2249 1495; x_wconf 89' lang='lat' dir='ltr'><strong><em>red-</em></strong></span> 
     </span>
     <span class='ocr_line' id='line_1_10' title="bbox 366 1543 2249 1614; baseline 0.001 -16"><span class='ocrx_word' id='word_1_60' title='bbox 366 1546 443 1598; x_wconf 91' lang='lat' dir='ltr'><strong><em>dit</em></strong></span> <span class='ocrx_word' id='word_1_61' title='bbox 496 1546 827 1598; x_wconf 88' lang='lat' dir='ltr'><strong><em>sententiam.</em></strong></span> <span class='ocrx_word' id='word_1_62' title='bbox 882 1543 1045 1597; x_wconf 83' lang='lat' dir='ltr'><strong><em>Recte</em></strong></span> <span class='ocrx_word' id='word_1_63' title='bbox 1084 1544 1237 1597; x_wconf 90' lang='lat' dir='ltr'><strong><em>docet</em></strong></span> <span class='ocrx_word' id='word_1_64' title='bbox 1275 1543 1891 1614; x_wconf 84' lang='lat' dir='ltr'><strong><em>Baumgarten-Crusius</em></strong></span> <span class='ocrx_word' id='word_1_65' title='bbox 1931 1546 2249 1600; x_wconf 84' lang='lat' dir='ltr'><strong><em>Suetonium</em></strong></span> 
     </span>
     <span class='ocr_line' id='line_1_11' title="bbox 367 1649 2322 1719; baseline 0.002 -16"><span class='ocrx_word' id='word_1_66' title='bbox 367 1649 626 1703; x_wconf 84' lang='lat' dir='ltr'><strong><em>vocabulo</em></strong></span> <span class='ocrx_word' id='word_1_67' title='bbox 679 1650 991 1719; x_wconf 82' lang='lat' dir='ltr'><strong><em>quicumque.</em></strong></span> <span class='ocrx_word' id='word_1_68' title='bbox 1037 1651 1116 1702; x_wconf 91' lang='lat' dir='ltr'><strong><em>uti</em></strong></span> <span class='ocrx_word' id='word_1_69' title='bbox 1154 1650 1325 1703; x_wconf 90' lang='lat' dir='ltr'><strong><em>solere</em></strong></span> <span class='ocrx_word' id='word_1_70' title='bbox 1367 1652 1524 1703; x_wconf 86' lang='lat' dir='ltr'><strong><em>etiam</em></strong></span> <span class='ocrx_word' id='word_1_71' title='bbox 1567 1667 1675 1703; x_wconf 91' lang='lat' dir='ltr'><strong><em>non</em></strong></span> <span class='ocrx_word' id='word_1_72' title='bbox 1717 1668 1963 1705; x_wconf 86' lang='lat' dir='ltr'><strong><em>connexo</em></strong></span> <span class='ocrx_word' id='word_1_73' title='bbox 2003 1669 2127 1706; x_wconf 92' lang='lat' dir='ltr'><strong><em>cum</em></strong></span> <span class='ocrx_word' id='word_1_74' title='bbox 2170 1669 2250 1707; x_wconf 87' lang='lat' dir='ltr'><strong><em>se·</em></strong></span> <span class='ocrx_word' id='word_1_75' title='bbox 2319 1663 2322 1666; x_wconf 55' lang='lat'><strong><em>⁴</em></strong></span> 
     </span>
     <span class='ocr_line' id='line_1_12' title="bbox 370 1756 2252 1826; baseline 0.001 -16"><span class='ocrx_word' id='word_1_76' title='bbox 370 1756 663 1826; x_wconf 90' lang='lat' dir='ltr'><strong><em>quentibus</em></strong></span> <span class='ocrx_word' id='word_1_77' title='bbox 721 1773 817 1825; x_wconf 90' lang='lat' dir='ltr'><strong><em>pro</em></strong></span> <span class='ocrx_word' id='word_1_78' title='bbox 876 1756 1058 1824; x_wconf 78' lang='lat' dir='ltr'><strong><em>omuiS,</em></strong></span> <span class='ocrx_word' id='word_1_79' title='bbox 1118 1756 1211 1809; x_wconf 90' lang='lat' dir='ltr'><strong><em>sed</em></strong></span> <span class='ocrx_word' id='word_1_80' title='bbox 1262 1760 1446 1809; x_wconf 87' lang='lat' dir='ltr'><strong><em>nostro</em></strong></span> <span class='ocrx_word' id='word_1_81' title='bbox 1498 1758 1614 1810; x_wconf 90' lang='lat' dir='ltr'><strong><em>loco</em></strong></span> <span class='ocrx_word' id='word_1_82' title='bbox 1667 1758 1807 1811; x_wconf 90' lang='lat' dir='ltr'><strong><em>idem</em></strong></span> <span class='ocrx_word' id='word_1_83' title='bbox 1860 1774 1969 1811; x_wconf 90' lang='lat' dir='ltr'><strong><em>non</em></strong></span> <span class='ocrx_word' id='word_1_84' title='bbox 2010 1759 2151 1813; x_wconf 83' lang='lat' dir='ltr'><strong><em>valet</em></strong></span> <span class='ocrx_word' id='word_1_85' title='bbox 2191 1775 2252 1812; x_wconf 88' lang='lat' dir='ltr'><strong><em>ac</em></strong></span> 
     </span>
     <span class='ocr_line' id='line_1_13' title="bbox 371 1861 2249 1933; baseline 0.001 -18"><span class='ocrx_word' id='word_1_86' title='bbox 371 1861 550 1915; x_wconf 76' lang='lat' dir='ltr'><strong><em>omnis,</em></strong></span> <span class='ocrx_word' id='word_1_87' title='bbox 604 1861 709 1913; x_wconf 92' lang='lat' dir='ltr'><strong><em>Hic</em></strong></span> <span class='ocrx_word' id='word_1_88' title='bbox 751 1863 999 1930; x_wconf 88' lang='lat' dir='ltr'><strong><em>sequenti</em></strong></span> <span class='ocrx_word' id='word_1_89' title='bbox 1037 1862 1260 1913; x_wconf 87' lang='lat' dir='ltr'><strong><em>relativo</em></strong></span> <span class='ocrx_word' id='word_1_90' title='bbox 1301 1878 1408 1914; x_wconf 90' lang='lat' dir='ltr'><strong><em>non</em></strong></span> <span class='ocrx_word' id='word_1_91' title='bbox 1449 1878 1583 1931; x_wconf 89' lang='lat' dir='ltr'><strong><em>opus</em></strong></span> <span class='ocrx_word' id='word_1_92' title='bbox 1625 1867 1720 1931; x_wconf 88' lang='lat' dir='ltr'><strong><em>est,</em></strong></span> <span class='ocrx_word' id='word_1_93' title='bbox 1761 1864 1888 1932; x_wconf 88' lang='lat' dir='ltr'><strong><em>quia</em></strong></span> <span class='ocrx_word' id='word_1_94' title='bbox 1926 1865 2032 1916; x_wconf 86' lang='lat' dir='ltr'><strong><em>iam</em></strong></span> <span class='ocrx_word' id='word_1_95' title='bbox 2071 1865 2249 1933; x_wconf 88' lang='lat' dir='ltr'><strong><em>ipsum</em></strong></span> 
     </span>
     <span class='ocr_line' id='line_1_14' title="bbox 370 1967 2250 2037; baseline 0.002 -18"><span class='ocrx_word' id='word_1_96' title='bbox 370 1983 664 2036; x_wconf 89' lang='lat' dir='ltr'><strong><em>pronomen</em></strong></span> <span class='ocrx_word' id='word_1_97' title='bbox 706 1967 1012 2036; x_wconf 79' lang='lat' dir='ltr'><strong><em>quicumque</em></strong></span> <span class='ocrx_word' id='word_1_98' title='bbox 1050 1967 1271 2020; x_wconf 84' lang='lat' dir='ltr'><strong><em>relative</em></strong></span> <span class='ocrx_word' id='word_1_99' title='bbox 1306 1969 1566 2037; x_wconf 88' lang='lat' dir='ltr'><strong><em>scriptum</em></strong></span> <span class='ocrx_word' id='word_1_100' title='bbox 1602 1973 1694 2022; x_wconf 89' lang='lat' dir='ltr'><strong><em>est.</em></strong></span> <span class='ocrx_word' id='word_1_101' title='bbox 1718 1969 1904 2022; x_wconf 88' lang='lat' dir='ltr'><strong><em>Solum</em></strong></span> <span class='ocrx_word' id='word_1_102' title='bbox 1928 1970 2250 2023; x_wconf 87' lang='lat' dir='ltr'><strong><em>vocabulum</em></strong></span> 
     </span>
     <span class='ocr_line' id='line_1_15' title="bbox 368 2072 2252 2146; baseline 0.003 -23"><span class='ocrx_word' id='word_1_103' title='bbox 368 2088 685 2141; x_wconf 88' lang='lat' dir='ltr'><strong><em>quocumque</em></strong></span> <span class='ocrx_word' id='word_1_104' title='bbox 725 2073 945 2124; x_wconf 90' lang='lat' dir='ltr'><strong><em>eandem</em></strong></span> <span class='ocrx_word' id='word_1_105' title='bbox 988 2073 1095 2124; x_wconf 88' lang='lat' dir='ltr'><strong><em>vim</em></strong></span> <span class='ocrx_word' id='word_1_106' title='bbox 1141 2072 1300 2125; x_wconf 89' lang='lat' dir='ltr'><strong><em>habet</em></strong></span> <span class='ocrx_word' id='word_1_107' title='bbox 1339 2089 1431 2125; x_wconf 89' lang='lat' dir='ltr'><strong><em>ac:</em></strong></span> <span class='ocrx_word' id='word_1_108' title='bbox 1474 2073 1616 2126; x_wconf 79' lang='lat' dir='ltr'><strong><em>omui</em></strong></span> <span class='ocrx_word' id='word_1_109' title='bbox 1645 2073 1754 2127; x_wconf 80' lang='lat' dir='ltr'><strong><em>loco</em></strong></span> <span class='ocrx_word' id='word_1_110' title='bbox 1786 2079 1835 2127; x_wconf 81' lang='lat' dir='ltr'><strong><em>et</em></strong></span> <span class='ocrx_word' id='word_1_111' title='bbox 1867 2080 2104 2145; x_wconf 77' lang='lat' dir='ltr'><strong><em>tempore,</em></strong></span> <span class='ocrx_word' id='word_1_112' title='bbox 2137 2092 2252 2146; x_wconf 91' lang='lat' dir='ltr'><strong><em>quo.</em></strong></span> 
     </span>
     <span class='ocr_line' id='line_1_16' title="bbox 369 2176 2251 2249; baseline 0.003 -21"><span class='ocrx_word' id='word_1_113' title='bbox 369 2176 490 2229; x_wconf 92' lang='lat' dir='ltr'><strong><em>Non</em></strong></span> <span class='ocrx_word' id='word_1_114' title='bbox 533 2193 657 2245; x_wconf 87' lang='lat' dir='ltr'><strong><em>ergo</em></strong></span> <span class='ocrx_word' id='word_1_115' title='bbox 700 2178 966 2246; x_wconf 83' lang='lat' dir='ltr'><strong><em>significat</em></strong></span> <span class='ocrx_word' id='word_1_116' title='bbox 1005 2177 1195 2246; x_wconf 76' lang='lat' dir='ltr'><strong><em>quoviS,</em></strong></span> <span class='ocrx_word' id='word_1_117' title='bbox 1237 2178 1328 2230; x_wconf 87' lang='lat' dir='ltr'><strong><em>sed</em></strong></span> <span class='ocrx_word' id='word_1_118' title='bbox 1369 2179 1553 2231; x_wconf 91' lang='lat' dir='ltr'><strong><em>eodem</em></strong></span> <span class='ocrx_word' id='word_1_119' title='bbox 1597 2179 1754 2231; x_wconf 91' lang='lat' dir='ltr'><strong><em>modo</em></strong></span> <span class='ocrx_word' id='word_1_120' title='bbox 1794 2181 2251 2249; x_wconf 88' lang='lat' dir='ltr'><strong><em>interpretandum</em></strong></span> 
     </span>
     <span class='ocr_line' id='line_1_17' title="bbox 370 2281 2252 2353; baseline 0.002 -19"><span class='ocrx_word' id='word_1_121' title='bbox 370 2287 450 2335; x_wconf 88' lang='lat' dir='ltr'><strong><em>est</em></strong></span> <span class='ocrx_word' id='word_1_122' title='bbox 500 2299 562 2334; x_wconf 88' lang='lat' dir='ltr'><strong><em>ac</em></strong></span> <span class='ocrx_word' id='word_1_123' title='bbox 602 2298 894 2351; x_wconf 89' lang='lat' dir='ltr'><strong><em>pronomen</em></strong></span> <span class='ocrx_word' id='word_1_124' title='bbox 937 2282 1199 2335; x_wconf 81' lang='lat' dir='ltr'><strong><em>Graecum</em></strong></span> <span class='ocrx_word' id='word_1_125' title='bbox 1240 2281 1386 2353; x_wconf 69' lang='grc' dir='ltr'><em>ὅστις,</em></span> <span class='ocrx_word' id='word_1_126' title='bbox 1427 2283 1567 2353; x_wconf 91' lang='lat' dir='ltr'><strong><em>quod</em></strong></span> <span class='ocrx_word' id='word_1_127' title='bbox 1610 2286 1767 2337; x_wconf 88' lang='lat' dir='ltr'><strong><em>etiam</em></strong></span> <span class='ocrx_word' id='word_1_128' title='bbox 1810 2285 2053 2338; x_wconf 87' lang='lat' dir='ltr'><strong><em>absolute</em></strong></span> <span class='ocrx_word' id='word_1_129' title='bbox 2093 2285 2252 2339; x_wconf 82' lang='lat' dir='ltr'><strong><em>scribi</em></strong></span> 
     </span>
     <span class='ocr_line' id='line_1_18' title="bbox 375 2389 522 2441; baseline 0.007 -2"><span class='ocrx_word' id='word_1_130' title='bbox 375 2389 522 2441; x_wconf 91' lang='lat' dir='ltr'><strong><em>solet.</em></strong></span> 
     </span>
    </p>

    <p class='ocr_par' dir='ltr' id='par_1_4' title="bbox 374 2493 2257 3298">
     <span class='ocr_line' id='line_1_19' title="bbox 447 2493 2255 2567; baseline 0.003 -22"><span class='ocrx_word' id='word_1_131' title='bbox 447 2493 733 2562; x_wconf 86' lang='lat' dir='ltr'><strong><em>Nusquam</em></strong></span> <span class='ocrx_word' id='word_1_132' title='bbox 787 2494 914 2546; x_wconf 88' lang='lat' dir='ltr'><strong><em>alibi</em></strong></span> <span class='ocrx_word' id='word_1_133' title='bbox 953 2496 1010 2546; x_wconf 89' lang='lat' dir='ltr'><strong><em>in</em></strong></span> <span class='ocrx_word' id='word_1_134' title='bbox 1050 2494 1294 2547; x_wconf 88' lang='lat' dir='ltr'><strong><em>Suetonii</em></strong></span> <span class='ocrx_word' id='word_1_135' title='bbox 1335 2496 1585 2565; x_wconf 90' lang='lat' dir='ltr'><strong><em>operibus</em></strong></span> <span class='ocrx_word' id='word_1_136' title='bbox 1625 2498 1747 2550; x_wconf 86' lang='lat' dir='ltr'><strong><em>talis</em></strong></span> <span class='ocrx_word' id='word_1_137' title='bbox 1787 2502 2003 2567; x_wconf 88' lang='lat' dir='ltr'><strong><em>apparet</em></strong></span> <span class='ocrx_word' id='word_1_138' title='bbox 2040 2499 2255 2567; x_wconf 89' lang='lat' dir='ltr'><strong><em>locutio,</em></strong></span> 
     </span>
     <span class='ocr_line' id='line_1_20' title="bbox 374 2601 2254 2671; baseline 0.002 -20"><span class='ocrx_word' id='word_1_139' title='bbox 374 2616 702 2669; x_wconf 86' lang='lat' dir='ltr'><strong><em>quamquam</em></strong></span> <span class='ocrx_word' id='word_1_140' title='bbox 743 2601 942 2668; x_wconf 86' lang='lat' dir='ltr'><strong><em>passim</em></strong></span> <span class='ocrx_word' id='word_1_141' title='bbox 983 2602 1218 2652; x_wconf 90' lang='lat' dir='ltr'><strong><em>occurrit</em></strong></span> <span class='ocrx_word' id='word_1_142' title='bbox 1258 2601 1580 2654; x_wconf 89' lang='lat' dir='ltr'><strong><em>vocabulum</em></strong></span> <span class='ocrx_word' id='word_1_143' title='bbox 1620 2602 1940 2671; x_wconf 81' lang='lat' dir='ltr'><strong><em>quicumque.</em></strong></span> <span class='ocrx_word' id='word_1_144' title='bbox 1979 2601 2060 2655; x_wconf 90' lang='lat' dir='ltr'><strong><em>De</em></strong></span> <span class='ocrx_word' id='word_1_145' title='bbox 2098 2603 2254 2656; x_wconf 87' lang='lat' dir='ltr'><strong><em>solito</em></strong></span> 
     </span>
     <span class='ocr_line' id='line_1_21' title="bbox 374 2705 2251 2778; baseline 0.003 -22"><span class='ocrx_word' id='word_1_146' title='bbox 374 2705 621 2758; x_wconf 85' lang='lat' dir='ltr'><strong><em>vocabuli</em></strong></span> <span class='ocrx_word' id='word_1_147' title='bbox 663 2722 766 2758; x_wconf 90' lang='lat' dir='ltr'><strong><em>usu</em></strong></span> <span class='ocrx_word' id='word_1_148' title='bbox 808 2706 949 2775; x_wconf 88' lang='lat' dir='ltr'><strong><em>apud</em></strong></span> <span class='ocrx_word' id='word_1_149' title='bbox 984 2705 1302 2759; x_wconf 82' lang='lat' dir='ltr'><strong><em>Suetonium</em></strong></span> <span class='ocrx_word' id='word_1_150' title='bbox 1338 2706 1680 2760; x_wconf 81' lang='lat' dir='ltr'><strong><em>conferantur</em></strong></span> <span class='ocrx_word' id='word_1_151' title='bbox 1700 2708 1948 2760; x_wconf 89' lang='lat' dir='ltr'><strong><em>nonnulli</em></strong></span> <span class='ocrx_word' id='word_1_152' title='bbox 1970 2709 2089 2777; x_wconf 89' lang='lat' dir='ltr'><strong><em>loci,</em></strong></span> <span class='ocrx_word' id='word_1_153' title='bbox 2109 2725 2152 2762; x_wconf 89' lang='lat' dir='ltr'><strong><em>e.</em></strong></span> <span class='ocrx_word' id='word_1_154' title='bbox 2172 2726 2251 2778; x_wconf 87' lang='lat' dir='ltr'><strong><em>g.:</em></strong></span> 
     </span>
     <span class='ocr_line' id='line_1_22' title="bbox 375 2809 2253 2882; baseline 0.001 -20"><span class='ocrx_word' id='word_1_155' title='bbox 375 2809 583 2878; x_wconf 86' lang='lat' dir='ltr'><strong><em>Caesar,</em></strong></span> <span class='ocrx_word' id='word_1_156' title='bbox 621 2826 730 2879; x_wconf 87' lang='lat' dir='ltr'><strong><em>cap.</em></strong></span> <span class='ocrx_word' id='word_1_157' title='bbox 775 2811 871 2874; x_wconf 84' lang='lat'><strong><em>66;</em></strong></span> <span class='ocrx_word' id='word_1_158' title='bbox 918 2810 1190 2879; x_wconf 86' lang='lat' dir='ltr'><strong><em>Claudius,</em></strong></span> <span class='ocrx_word' id='word_1_159' title='bbox 1231 2827 1341 2880; x_wconf 90' lang='lat' dir='ltr'><strong><em>cap.</em></strong></span> <span class='ocrx_word' id='word_1_160' title='bbox 1385 2813 1433 2879; x_wconf 83' lang='lat'><strong><em>2,</em></strong></span> <span class='ocrx_word' id='word_1_161' title='bbox 1475 2813 1559 2879; x_wconf 89' lang='lat'><strong><em>34,</em></strong></span> <span class='ocrx_word' id='word_1_162' title='bbox 1595 2812 1694 2878; x_wconf 75' lang='lat'><strong><em>363</em></strong></span> <span class='ocrx_word' id='word_1_163' title='bbox 1730 2813 2031 2881; x_wconf 87' lang='lat' dir='ltr'><strong><em>Augustus,</em></strong></span> <span class='ocrx_word' id='word_1_164' title='bbox 2050 2829 2160 2882; x_wconf 88' lang='lat' dir='ltr'><strong><em>cap.</em></strong></span> <span class='ocrx_word' id='word_1_165' title='bbox 2184 2813 2253 2864; x_wconf 89' lang='lat'><strong><em>66</em></strong></span> 
     </span>
     <span class='ocr_line' id='line_1_23' title="bbox 375 2904 2254 2987; baseline 0.002 -20"><span class='ocrx_word' id='word_1_166' title='bbox 375 2919 427 2967; x_wconf 90' lang='lat' dir='ltr'><strong><em>et</em></strong></span> <span class='ocrx_word' id='word_1_167' title='bbox 471 2915 567 2981; x_wconf 80' lang='lat'><strong><em>783</em></strong></span> <span class='ocrx_word' id='word_1_168' title='bbox 608 2915 868 2982; x_wconf 85' lang='lat' dir='ltr'><strong><em>Tiberius,</em></strong></span> <span class='ocrx_word' id='word_1_169' title='bbox 907 2931 1020 2984; x_wconf 86' lang='lat' dir='ltr'><strong><em>cap.</em></strong></span> <span class='ocrx_word' id='word_1_170' title='bbox 1067 2904 1149 2967; x_wconf 59' lang='lat'><strong><em>18²</em></strong></span> <span class='ocrx_word' id='word_1_171' title='bbox 1175 2921 1226 2968; x_wconf 87' lang='lat' dir='ltr'><strong><em>et</em></strong></span> <span class='ocrx_word' id='word_1_172' title='bbox 1266 2916 1365 2982; x_wconf 79' lang='lat'><strong><em>653</em></strong></span> <span class='ocrx_word' id='word_1_173' title='bbox 1408 2915 1666 2986; x_wconf 84' lang='lat' dir='ltr'><strong><em>Caligula,</em></strong></span> <span class='ocrx_word' id='word_1_174' title='bbox 1705 2934 1813 2986; x_wconf 87' lang='lat' dir='ltr'><strong><em>cap.</em></strong></span> <span class='ocrx_word' id='word_1_175' title='bbox 1851 2918 2254 2987; x_wconf 84' lang='lat' dir='ltr'><strong><em>323Vespasia-</em></strong></span> 
     </span>
     <span class='ocr_line' id='line_1_24' title="bbox 375 3020 2257 3089; baseline 0.003 -19"><span class='ocrx_word' id='word_1_176' title='bbox 375 3035 495 3086; x_wconf 91' lang='lat' dir='ltr'><strong><em>nus,</em></strong></span> <span class='ocrx_word' id='word_1_177' title='bbox 536 3036 646 3089; x_wconf 88' lang='lat' dir='ltr'><strong><em>cap.</em></strong></span> <span class='ocrx_word' id='word_1_178' title='bbox 690 3021 722 3071; x_wconf 89' lang='lat'>8</span> <span class='ocrx_word' id='word_1_179' title='bbox 766 3020 977 3088; x_wconf 88' lang='lat' dir='ltr'><strong><em>aliique.</em></strong></span> <span class='ocrx_word' id='word_1_180' title='bbox 1019 3020 1217 3073; x_wconf 85' lang='lat' dir='ltr'><strong><em>Eodem</em></strong></span> <span class='ocrx_word' id='word_1_181' title='bbox 1262 3021 1418 3073; x_wconf 90' lang='lat' dir='ltr'><strong><em>modo</em></strong></span> <span class='ocrx_word' id='word_1_182' title='bbox 1459 3038 1519 3074; x_wconf 85' lang='lat' dir='ltr'><strong><em>ac</em></strong></span> <span class='ocrx_word' id='word_1_183' title='bbox 1540 3027 1722 3074; x_wconf 88' lang='lat' dir='ltr'><strong><em>nostro</em></strong></span> <span class='ocrx_word' id='word_1_184' title='bbox 1743 3023 1858 3075; x_wconf 93' lang='lat' dir='ltr'><strong><em>loco</em></strong></span> <span class='ocrx_word' id='word_1_185' title='bbox 1881 3025 2037 3076; x_wconf 87' lang='lat' dir='ltr'><strong><em>etiam</em></strong></span> <span class='ocrx_word' id='word_1_186' title='bbox 2064 3023 2257 3076; x_wconf 86' lang='lat' dir='ltr'><strong><em>Caesar</em></strong></span> 
     </span>
     <span class='ocr_line' id='line_1_25' title="bbox 375 3123 2254 3205; baseline 0.002 -27"><span class='ocrx_word' id='word_1_187' title='bbox 375 3130 426 3178; x_wconf 91' lang='lat' dir='ltr'><strong><em>et</em></strong></span> <span class='ocrx_word' id='word_1_188' title='bbox 466 3123 652 3177; x_wconf 86' lang='lat' dir='ltr'><strong><em>Livius</em></strong></span> <span class='ocrx_word' id='word_1_189' title='bbox 693 3126 778 3177; x_wconf 89' lang='lat' dir='ltr'><strong><em>usi</em></strong></span> <span class='ocrx_word' id='word_1_190' title='bbox 819 3128 946 3177; x_wconf 89' lang='lat' dir='ltr'><strong><em>sunt</em></strong></span> <span class='ocrx_word' id='word_1_191' title='bbox 984 3124 1246 3177; x_wconf 86' lang='lat' dir='ltr'><strong><em>vocabulo</em></strong></span> <span class='ocrx_word' id='word_1_192' title='bbox 1281 3126 1599 3205; x_wconf 78' lang='lat' dir='ltr'><strong><em>quicumque,</em></strong></span> <span class='ocrx_word' id='word_1_193' title='bbox 1633 3143 1767 3180; x_wconf 91' lang='lat' dir='ltr'><strong><em>e.c.:</em></strong></span> <span class='ocrx_word' id='word_1_194' title='bbox 1805 3127 2011 3197; x_wconf 87' lang='lat' dir='ltr'><strong><em>Caesar,</em></strong></span> <span class='ocrx_word' id='word_1_195' title='bbox 2042 3128 2254 3182; x_wconf 91' lang='lat' dir='ltr'><strong><em>Bellum</em></strong></span> 
     </span>
     <span class='ocr_line' id='line_1_26' title="bbox 379 3228 1041 3298; baseline 0.002 -18"><span class='ocrx_word' id='word_1_196' title='bbox 379 3228 491 3281; x_wconf 87' lang='lat' dir='ltr'><strong><em>Civ.</em></strong></span> <span class='ocrx_word' id='word_1_197' title='bbox 528 3228 640 3281; x_wconf 89' lang='lat' dir='ltr'><strong><em>Lib.</em></strong></span> <span class='ocrx_word' id='word_1_198' title='bbox 679 3229 747 3281; x_wconf 90' lang='lat' dir='ltr'><strong><em>II.</em></strong></span> <span class='ocrx_word' id='word_1_199' title='bbox 790 3246 900 3298; x_wconf 86' lang='lat' dir='ltr'><strong><em>cap.</em></strong></span> <span class='ocrx_word' id='word_1_200' title='bbox 941 3230 1041 3281; x_wconf 85' lang='lat'><strong><em>40:</em></strong></span> 
     </span>
    </p>

    <p class='ocr_par' dir='ltr' id='par_1_5' title="bbox 378 3333 2260 3615">
     <span class='ocr_line' id='line_1_27' title="bbox 458 3333 2256 3406; baseline 0.003 -21"><span class='ocrx_word' id='word_1_201' title='bbox 458 3333 903 3403; x_wconf 83' lang='lat' dir='ltr'><strong><em>„Quamcumque</em></strong></span> <span class='ocrx_word' id='word_1_202' title='bbox 942 3336 996 3386; x_wconf 92' lang='lat' dir='ltr'><strong><em>in</em></strong></span> <span class='ocrx_word' id='word_1_203' title='bbox 1033 3339 1233 3403; x_wconf 86' lang='lat' dir='ltr'><strong><em>partem</em></strong></span> <span class='ocrx_word' id='word_1_204' title='bbox 1272 3337 1481 3403; x_wconf 88' lang='lat' dir='ltr'><strong><em>equites</em></strong></span> <span class='ocrx_word' id='word_1_205' title='bbox 1515 3337 1772 3405; x_wconf 89' lang='lat' dir='ltr'><strong><em>impetum</em></strong></span> <span class='ocrx_word' id='word_1_206' title='bbox 1807 3337 2056 3406; x_wconf 87' lang='lat' dir='ltr'><strong><em>fecerant,</em></strong></span> <span class='ocrx_word' id='word_1_207' title='bbox 2077 3339 2256 3390; x_wconf 88' lang='lat' dir='ltr'><strong><em>hostes</em></strong></span> 
     </span>
     <span class='ocr_line' id='line_1_28' title="bbox 378 3438 2260 3511; baseline 0.003 -21"><span class='ocrx_word' id='word_1_208' title='bbox 378 3438 493 3490; x_wconf 92' lang='lat' dir='ltr'><strong><em>loco</em></strong></span> <span class='ocrx_word' id='word_1_209' title='bbox 535 3439 720 3491; x_wconf 91' lang='lat' dir='ltr'><strong><em>cedere</em></strong></span> <span class='ocrx_word' id='word_1_210' title='bbox 762 3439 1150 3509; x_wconf 88' lang='lat' dir='ltr'><strong><em>cogebantur&#39;&#39;;</em></strong></span> <span class='ocrx_word' id='word_1_211' title='bbox 1193 3445 1245 3492; x_wconf 92' lang='lat' dir='ltr'><strong><em>et</em></strong></span> <span class='ocrx_word' id='word_1_212' title='bbox 1285 3441 1425 3509; x_wconf 88' lang='lat' dir='ltr'><strong><em>apud</em></strong></span> <span class='ocrx_word' id='word_1_213' title='bbox 1467 3439 1696 3508; x_wconf 91' lang='lat' dir='ltr'><strong><em>Livium,</em></strong></span> <span class='ocrx_word' id='word_1_214' title='bbox 1735 3441 1847 3495; x_wconf 88' lang='lat' dir='ltr'><strong><em>Lib.</em></strong></span> <span class='ocrx_word' id='word_1_215' title='bbox 1886 3441 1980 3493; x_wconf 90' lang='lat' dir='ltr'><strong><em>III.</em></strong></span> <span class='ocrx_word' id='word_1_216' title='bbox 2019 3459 2132 3511; x_wconf 86' lang='lat' dir='ltr'><strong><em>cap.</em></strong></span> <span class='ocrx_word' id='word_1_217' title='bbox 2158 3443 2260 3495; x_wconf 91' lang='lat'><strong><em>11:</em></strong></span> 
     </span>
     <span class='ocr_line' id='line_1_29' title="bbox 385 3542 2257 3615; baseline 0.003 -20"><span class='ocrx_word' id='word_1_218' title='bbox 385 3542 825 3613; x_wconf 80' lang='lat' dir='ltr'><strong><em>„Quemcumque</em></strong></span> <span class='ocrx_word' id='word_1_219' title='bbox 885 3545 1037 3596; x_wconf 86' lang='lat' dir='ltr'><strong><em>lictor</em></strong></span> <span class='ocrx_word' id='word_1_220' title='bbox 1085 3546 1240 3596; x_wconf 88' lang='lat' dir='ltr'><strong><em>iussu</em></strong></span> <span class='ocrx_word' id='word_1_221' title='bbox 1297 3545 1534 3597; x_wconf 84' lang='lat' dir='ltr'><strong><em>consulis</em></strong></span> <span class='ocrx_word' id='word_1_222' title='bbox 1585 3546 1967 3615; x_wconf 85' lang='lat' dir='ltr'><strong><em>prehendisset,</em></strong></span> <span class='ocrx_word' id='word_1_223' title='bbox 2005 3546 2257 3600; x_wconf 86' lang='lat' dir='ltr'><strong><em>tribunus</em></strong></span> 
     </span>
    </p>
   </div>
  </div>
 </body>
</html>
