2462 4186
1264 431 1331 480 52

353 607 545 661 deinde
603 624 711 659 non
770 607 898 659 satis
949 606 1218 658 intellecta
1257 609 1384 657 sunt
1424 609 1476 657 et
1514 607 1569 656 in
1613 621 1782 656 unum
1824 604 2035 656 tandem
2077 620 2229 656 voca-

350 712 541 764 bulum
593 712 921 764 coaluerunt.
972 709 1120 773 Quae
1173 715 1348 763 tamen
1391 726 1577 762 revera
1618 711 1888 778 scripserit
1928 709 2233 778 Suetonius„

355 834 600 887 quaeque
659 834 805 869 nunc
866 834 934 869 ex
987 818 1294 869 coniectura
1334 818 1389 866 in
1432 817 1699 884 integrum
1744 815 2075 867 restituenda
2113 816 2236 882 sint,

353 928 587 976 statuere
629 940 736 975 non
776 940 1011 992 possum.
1053 921 1327 990 Coniicere
1360 922 1730 973 tantummodo
1765 921 1919 972 nobis
1941 921 2077 987 licet,
2100 936 2237 989 quae

350 1029 460 1082 fere
500 1034 685 1081 auctor
725 1029 956 1081 scribere
995 1029 1238 1097 potuerit.

426 1135 549 1204 Ipsa
585 1135 808 1186 crimina
844 1150 1055 1186 reorum
1080 1150 1187 1185 non
1209 1133 1573 1199 nominantur,
1594 1132 1738 1184 unde
1759 1136 1977 1201 apparet
1997 1132 2236 1201 Augusti

352 1240 732 1308 benignitatem
773 1239 1104 1307 complexam
1150 1254 1267 1290 esse
1305 1239 1579 1289 variorum
1620 1238 1909 1288 criminum
1943 1252 2076 1289 reos,
2112 1237 2236 1289 Sive

353 1349 530 1397 autem
590 1345 883 1413 accipimus
934 1344 1245 1411 Augustum
1300 1342 1611 1394 liberavisse
1664 1343 1827 1394 unius
1879 1344 2093 1410 generis
2135 1343 2236 1393 cri-

355 1451 559 1501 minum
601 1465 734 1516 reOS,
775 1450 890 1500 sive
929 1449 1197 1499 variorum
1235 1447 1520 1498 criminum
1556 1462 1690 1512 reos,
1713 1446 1854 1498 haud
1878 1445 2234 1497 dubitandum

353 1559 432 1607 est
485 1556 618 1624 quin
672 1558 857 1606 auctor
897 1554 982 1605 hic
1021 1567 1238 1621 quoque
1277 1553 1563 1603 criminum
1607 1567 1866 1620 generum
1911 1552 2235 1603 mentionem

353 1660 550 1712 fecerit.
603 1658 884 1727 Nusquam
939 1658 1082 1727 apud
1124 1657 1440 1709 Suetonium
1481 1657 1709 1725 legimus
1752 1655 2072 1708 vocabulum
2111 1672 2238 1707 reus

355 1767 497 1818 nude
571 1767 822 1835 positum,
894 1780 1102 1832 semper
1174 1765 1521 1815 coniunctum
1595 1779 1716 1814 cum
1793 1762 1931 1814 alius
1991 1760 2237 1814 substan-

354 1872 450 1923 tivi
509 1871 762 1939 genitiVO,
821 1875 908 1921 ut:
966 1869 1157 1936 caediS,
1209 1868 1495 1936 parricidii,
1545 1869 1799 1935 criminis,
1842 1867 2106 1934 adulterii,
2145 1866 2238 1918 ob-

354 1977 677 2043 scoenitatis,
735 1975 987 2027 falsarum
1043 1973 1364 2038 tabularum,
1406 1974 1710 2040 maiestatis,
1749 1974 1954 2039 incesti,
1994 1973 2234 2024 omnium

354 2083 656 2148 criminum,
716 2081 1122 2150 peregrinitatis,
1181 2081 1593 2148 interceptarum
1655 2081 2020 2148 pecuniarum.
2074 2077 2237 2130 Hunc

357 2191 535 2239 autem
595 2188 911 2256 genitivum,
964 2187 994 2236 i.
1039 2201 1108 2237 e.:
1153 2185 1439 2236 criminum
1481 2200 1669 2253 genus,
1709 2184 1794 2235 hic
1836 2183 2144 2251 quaerimus
2186 2186 2238 2234 et

352 2309 468 2345 eam
527 2293 593 2345 ob
655 2309 869 2345 causam
931 2291 1191 2343 nonnulla
1244 2292 1488 2359 suspicor
1540 2291 1824 2342 evanuisse
1865 2287 2136 2354 vocabula,
2177 2290 2238 2339 ut

354 2414 394 2450 e.
417 2416 493 2467 g.:
535 2398 803 2450 variorum
836 2397 1116 2449 criminum
1151 2397 1406 2461 (reorum).
1443 2397 1659 2462 SensuS,
1696 2395 1789 2463 qui
1811 2400 1891 2446 est
1911 2395 1966 2445 in
1988 2393 2095 2458 diu,
2114 2393 2236 2444 reti-

356 2503 567 2555 nendus
602 2508 697 2570 est,
737 2502 829 2554 sed
872 2518 978 2553 non
1015 2517 1149 2569 opus
1184 2505 1264 2552 est
1297 2501 1555 2552 adiectivo
1577 2499 1962 2559 diuturnorum,
1983 2496 2235 2549 adverbio

354 2610 532 2677 potius
574 2608 790 2675 diutine,
831 2608 973 2676 quod
1015 2605 1314 2675 significare
1355 2605 1537 2657 debet:
1581 2620 1676 2671 603,
1709 2604 1804 2670 qui
1840 2603 1945 2654 iam
1963 2602 2119 2654 nimis
2139 2601 2235 2654 diu

352 2715 491 2766 inter
541 2730 655 2767 reos
703 2718 866 2766 erant.
920 2711 1159 2778 (Diutius
1210 2713 1465 2763 nimirum
1509 2708 1947 2778 coniungentium
1990 2712 2071 2760 est
2110 2723 2232 2760 cum

352 2820 539 2888 forma,
579 2836 687 2872 non
729 2821 924 2888 scripta
964 2818 1113 2871 verbi
1155 2833 1274 2884 esse,
1314 2832 1452 2885 quae
1495 2819 1672 2868 mente
1712 2813 2008 2883 supplenda
2046 2816 2142 2880 est,
2175 2817 2239 2864 ut

353 2940 397 2976 e.
441 2941 481 2976 c.
540 2926 596 2975 in
657 2925 767 2976 vita
825 2921 1035 2990 Tiberii,
1093 2938 1202 2990 cap.
1259 2922 1355 2971 74:
1410 2919 1516 2971 iam
1553 2918 1647 2971 diu
1685 2916 1948 2987 friyidus.)
1988 2916 2236 2968 Facessat

353 3047 478 3100 ergo
520 3032 702 3099 inepta
742 3030 897 3082 lectio
931 3029 1307 3080 diuturnorum
1342 3041 1552 3078 reorum
1573 3028 1624 3076 et
1645 3025 1723 3076 sic
1744 3023 1950 3092 legatur
1971 3022 2235 3074 sententia

351 3140 563 3189 nostra:
589 3135 789 3188 diutius
807 3134 1073 3186 variorum
1092 3132 1374 3184 criminum
1393 3146 1603 3183 reorum
1627 3171 1639 3184 .
1666 3170 1678 3183 .
1703 3170 1714 3183 .
1741 3170 1752 3183 .
1774 3128 1990 3180 nomina
2009 3125 2234 3179 abolevit.

427 3240 763 3326 Quamquam
805 3238 968 3308 probe
1008 3239 1118 3290 scio
1158 3237 1494 3289 audaciorem
1539 3251 1708 3287 meam
1744 3235 2102 3286 coniecturam
2124 3247 2233 3283 non

348 3352 550 3399 temere
589 3344 950 3414 accipiendam
991 3358 1123 3409 esse,
1161 3346 1339 3394 tamen
1381 3340 1606 3393 firmiter
1644 3340 1775 3391 mihi
1813 3354 2126 3408 persuasum
2149 3340 2230 3389 est

349 3451 455 3502 tale
494 3450 623 3518 quid
663 3454 933 3501 auctorem
968 3451 1209 3498 nostrum
1248 3444 1478 3497 scribere
1517 3444 1764 3496 voluisse.
1799 3442 2029 3495 Videant
2050 3446 2228 3493 tamen

350 3555 626 3606 doctiores.
