2462 4186
1172 448 1237 498 37

262 625 317 675 in
370 622 764 689 vetustioribus,
819 621 1198 691 Oudendorpii,
1251 622 1533 691 Crusiique
1586 622 1938 675 editionibus:
1994 622 2134 674 solus

260 728 422 781 victor
459 733 563 780 tres
600 727 854 780 exercitus
891 729 1175 795 occuparet.

559 941 686 1007 Gap.
733 943 816 994 13.
852 941 961 994 Nec
997 958 1282 995 successum
1318 940 1559 992 victoriae
1591 940 1886 992 moderatus
1906 943 2005 992 est.
2030 955 2133 1002 ...;

629 1046 773 1115 alios,
820 1052 1026 1115 patrem
1074 1051 1121 1098 et
1166 1045 1351 1112 filium,
1397 1061 1496 1111 pro
1531 1045 1638 1096 vita
1677 1024 1915 1113 roqautis
1954 1046 2132 1098 sortiri

626 1150 702 1203 vel
750 1150 943 1202 micare
992 1150 1218 1218 iussisse,
1270 1154 1328 1202 ut
1378 1149 1624 1202 alterutri
1662 1149 2030 1219 concederetur,
2070 1168 2131 1203 ac

630 1258 883 1323 spectasse
932 1259 1209 1324 utrumque
1260 1255 1575 1322 morientem,
1627 1271 1741 1306 cum
1781 1258 1953 1323 patre,
2006 1256 2130 1324 quia

624 1375 679 1410 se
727 1357 1000 1426 optulerat,
1050 1359 1207 1410 occiso
1244 1358 1385 1424 filius
1425 1374 1624 1428 quoque
1661 1357 2012 1411 voluntariam
2050 1375 2130 1411 oc-

627 1460 882 1513 cubuisset
918 1478 1101 1514 necem.

328 1655 502 1709 Locus
554 1658 881 1724 notissimuS,
934 1657 1000 1710 de
1052 1673 1158 1726 quo
1208 1658 1330 1710 fuse
1383 1658 1793 1726 disputaverunt
1831 1659 1932 1710 viri
1971 1658 2126 1710 docti.

256 1761 435 1815 Lectio
474 1762 666 1814 micare
702 1763 977 1815 invenitur
1007 1763 1064 1813 in
1098 1762 1270 1815 tribus
1290 1767 1498 1815 tantum
1521 1763 1810 1830 codicibus,
1831 1763 1921 1814 alii
1943 1779 2127 1815 omnes

257 1866 456 1919 habent
504 1866 761 1918 dimicare.
802 1865 880 1919 De
919 1867 1307 1936 significatione
1348 1867 1496 1920 verbi
1533 1867 1725 1919 micare
1763 1871 2125 1920 tractaverunt

255 1972 412 2024 multi
462 1973 793 2048 interpretes,
839 1972 932 2024 sed
971 1988 1162 2024 vanam
1203 1972 1464 2025 dederunt
1504 1988 1729 2041 operam.
1770 1972 1940 2025 Nemo
1981 1974 2122 2025 enim

253 2081 346 2145 est,
405 2077 499 2145 qui
556 2075 762 2128 dubitet
819 2093 1060 2144 unquam
1113 2076 1258 2128 aliud
1309 2076 1365 2128 id
1404 2076 1706 2146 significare
1746 2094 1919 2146 posse,
1962 2095 2123 2147 quam

250 2180 427 2234 ludere
484 2180 673 2250 diyitis.
732 2180 832 2246 (De
889 2181 987 2233 hac
1039 2181 1426 2250 significatione
1479 2183 1600 2235 vide
1652 2183 1830 2234 locum
1883 2183 1948 2235 ab
2003 2183 2122 2236 aliis

253 2300 468 2353 quoque
518 2287 736 2338 citatum
776 2285 917 2355 apud
959 2285 1278 2339 Ciceronem.
1318 2285 1398 2340 De
1436 2287 1638 2355 officiis,
1678 2287 1789 2340 Lib.
1830 2288 1931 2340 III.
1972 2305 2013 2340 c.
2052 2289 2119 2340 19

251 2394 303 2442 et
342 2390 449 2456 23).

323 2492 445 2546 Duo
483 2495 649 2563 igitur
685 2495 860 2558 verba,
899 2495 1081 2547 sortiri
1117 2500 1169 2548 et
1205 2496 1399 2549 micare
1434 2496 1543 2549 fere
1575 2497 1716 2550 idem
1750 2498 1942 2566 valent,
1962 2497 2117 2550 ambo

249 2598 579 2668 significant:
630 2601 761 2652 sorti
803 2604 958 2666 atque
995 2600 1243 2668 fortunae
1279 2618 1388 2654 rem
1426 2603 1733 2667 permittere.
1774 2602 1996 2657 Minime
2037 2605 2115 2656 di-

249 2719 403 2757 versa
471 2709 615 2772 sunt,
672 2721 780 2757 non
839 2706 982 2758 enim
1040 2706 1143 2758 alia
1198 2707 1476 2760 intercedit
1537 2708 1903 2778 discrepantia,
1958 2727 2118 2778 quam

250 2824 388 2876 quae
426 2813 506 2861 est
544 2810 683 2862 inter
718 2825 891 2878 genus
931 2814 982 2862 et
1022 2812 1266 2879 speciem.
1309 2810 1456 2873 Quae
1497 2828 1621 2864 cum
1654 2813 1727 2865 ita
1762 2814 1883 2881 sint,
1907 2814 2119 2866 credere

248 2914 343 2964 vix
393 2929 611 2982 possum
671 2913 980 2982 Augustum
1021 2915 1156 2982 patri
1198 2919 1249 2966 et
1286 2914 1395 2967 filio
1437 2915 1644 2968 dedisse
1682 2915 1986 2969 facultatem
2028 2933 2119 2985 op·
2162 2987 2166 2990 -

246 3017 395 3069 tandi
455 3021 638 3069 utrum
697 3018 1015 3070 sortirentur
1072 3034 1139 3070 an
1199 3019 1467 3071 micarent.
1526 3019 1726 3072 Eodem
1786 3021 1927 3072 enim
1986 3021 2116 3074 haec

247 3123 485 3176 redeunt.
526 3122 702 3174 Aliam
741 3124 906 3191 igitur
944 3125 1211 3192 optionem
1247 3123 1390 3176 dedit
1423 3124 1720 3192 imperator.
1754 3124 1820 3175 In
1847 3125 2117 3193 plerisque

247 3226 397 3279 libris
457 3225 582 3278 Mss,
639 3226 870 3295 legimus
920 3227 1215 3295 lectionem,
1269 3244 1405 3296 quae
1445 3229 1556 3281 sola
1596 3244 1721 3280 vera
1761 3245 1876 3282 esse
1913 3234 2112 3298 potest:

246 3330 427 3382 sortiri
461 3329 541 3381 vel
579 3329 836 3382 dimicare.

318 3433 587 3486 Nimirum
645 3434 929 3503 Augustus
988 3450 1075 3487 eos
1132 3436 1366 3504 rogavit:
1432 3436 1656 3503 „Utrum
1713 3438 1950 3506 eligitis?
2001 3440 2114 3491 Aut

254 3543 411 3607 sorte,
464 3542 558 3590 aut
608 3555 789 3608 pugna
841 3539 1117 3608 designare
1159 3539 1361 3591 debetis
1401 3543 1518 3592 uter
1558 3545 1792 3593 vestrum
1834 3548 2003 3596 morte
2040 3544 2113 3595 af-
