2462 4186
1185 479 1251 529 27

207 641 210 644 Δ
287 672 343 707 re
400 660 521 707 ante
577 655 759 705 oculos
817 653 1065 704 habuisse
1124 651 1364 703 Caesaris
1427 652 1619 714 locum,
1672 648 1828 699 ouius
1870 645 2155 697 auotoritas

284 763 424 810 certe
476 759 639 808 maior
694 757 933 808 habenda
989 762 1079 807 est.
1122 754 1190 805 Et
1229 756 1342 822 ipse
1383 753 1588 818 Caesar,
1631 752 1685 802 ni
1726 750 1895 815 fallor,
1936 747 2152 799 arbitra-

286 864 422 914 rium
478 862 620 914 dedit
672 877 970 924 numerum,
1022 860 1149 911 satis
1190 874 1460 926 magnum,
1500 872 1568 908 ex
1608 871 1713 922 quo
1756 859 1972 921 apparet
2011 865 2151 902 acer-

287 968 419 1017 rime
473 971 765 1033 pugnatum
819 964 984 1015 fuisse
1036 963 1177 1031 apud
1218 961 1491 1013 castellum
1534 975 1710 1024 suum,
1751 973 1871 1008 nam
1917 957 2008 1006 vix
2048 971 2156 1007 ore-

287 1069 446 1127 dibile
500 1076 579 1120 est
631 1069 826 1119 milites
866 1069 981 1119 eius
1021 1066 1179 1118 rebus
1219 1071 1324 1116 tam
1366 1062 1673 1115 difficilibus
1713 1067 1873 1128 atque
1915 1060 2156 1127 angustis

287 1175 447 1225 anxie
488 1174 855 1224 numeravisse
894 1187 1077 1222 omnes
1118 1171 1334 1237 sagittas
1373 1170 1513 1219 intra
1552 1167 1748 1218 vallum
1792 1171 2039 1233 repertas.

362 1275 568 1328 Deinde
619 1274 990 1327 tantummodo
1043 1273 1335 1340 respiciunt
1382 1271 1578 1322 milites
1618 1286 1706 1321 eas
1746 1270 1979 1336 sagittaS‚
2021 1283 2156 1335 quae

286 1381 425 1431 intra
478 1380 679 1431 vallum
734 1379 1058 1441 oeciderunt,
1109 1392 1308 1441 earum,
1364 1391 1499 1442 quae
1552 1381 1700 1425 extra
1741 1373 1940 1424 vallum
1983 1374 2157 1423 iacent

287 1484 490 1535 nullam
541 1483 744 1534 faciunt
798 1483 1148 1545 mentionem;
1202 1485 1431 1531 attamen
1488 1478 1673 1546 procul
1714 1476 1877 1528 dubio
1918 1481 1967 1528 et
2007 1482 2157 1527 extra

290 1587 486 1638 vallum
543 1586 833 1637 nonnullae
884 1586 1131 1653 pluresve
1182 1585 1404 1651 sagittae
1457 1583 1605 1633 humi
1657 1580 1911 1633 iacebant:
1953 1580 2156 1632 Censeo

287 1707 411 1759 ergo
466 1689 703 1742 Caesaris
754 1690 1034 1741 lectionem
1086 1690 1141 1739 in
1195 1692 1429 1738 nostram
1483 1687 1799 1737 sententiam
1840 1684 2157 1736 transferen-

290 1795 409 1846 dam
468 1810 584 1846 esse
643 1799 694 1846 et
751 1793 1033 1862 legendum
1076 1792 1216 1860 apud
1257 1791 1571 1843 Suetonium
1612 1790 1684 1842 ad
1721 1790 1942 1857 triyinta
1979 1788 2156 1841 millia.

290 1899 605 1951 Praesertim
663 1899 717 1950 id
776 1898 1057 1950 defendere
1114 1913 1418 1965 possumuS,
1470 1896 1612 1964 quod
1667 1895 1849 1947 nullus
1888 1895 2021 1946 liber
2060 1893 2158 1945 Ms.

289 2003 376 2054 dat
419 2019 702 2054 numerum
744 2006 962 2073 eentum,
1001 2001 1094 2053 sed
1132 2000 1500 2052 tantummodo
1540 2000 1591 2066 C,
1626 1999 1768 2067 quod
1803 1999 2054 2050 nimirum
2079 2002 2158 2050 est

286 2108 610 2175 glossatoriS,
665 2108 754 2174 qui
808 2106 1140 2174 interpretari
1187 2105 1358 2156 voluit
1396 2105 1834 2172 praepositionem
1875 2103 1957 2155 ad.
2004 2103 2045 2152 C
2080 2107 2161 2154 est

227 2227 238 2229 ·
290 2229 382 2281 pro
421 2212 576 2279 circa,
616 2211 834 2277 circiter,
873 2226 942 2262 ex
983 2208 1205 2262 Caesare
1244 2219 1498 2261 sumtum.
1538 2209 1852 2262 Suetonium
1894 2210 2157 2278 praeposi-

287 2318 432 2369 tione
469 2316 541 2368 ad
580 2333 735 2368 usum
778 2315 944 2368 fuisse
985 2316 1081 2367 hae
1123 2314 1511 2383 significatione
1550 2319 1765 2383 apparet
1805 2330 1873 2366 ex
1912 2313 2156 2382 pluribus

287 2423 433 2488 loeiS,
490 2438 558 2474 ex
618 2421 815 2489 quibus
873 2422 1005 2472 cito:
1070 2419 1273 2487 Caesar,
1333 2436 1441 2489 cap.
1495 2421 1564 2471 20
1618 2425 1669 2471 et
1725 2421 1818 2485 253
1860 2420 2159 2487 AugustuS,

289 2543 396 2595 cap.
443 2528 526 2581 15.
568 2525 797 2594 Legatur
837 2542 962 2594 ergo
1000 2527 1055 2577 in
1097 2526 1362 2583 sententia
1402 2529 1609 2576 nostra:
1655 2542 1950 2590 ...maevia
1994 2528 2161 2579 omnis

287 2632 492 2697 confixa
530 2631 861 2683 multitudine
900 2630 1162 2683 hostilium
1199 2630 1531 2699 say-marum,
1573 2647 1789 2699 quorum
1830 2630 1902 2682 ad
1938 2631 2158 2698 triyinta

287 2737 455 2789 millia
492 2738 641 2790 intra
677 2736 869 2789 vallum
908 2741 1114 2802 reperta
1151 2741 1285 2787 sunt.

589 2960 717 3029 Gap.
776 2965 859 3015 82.
920 2962 1116 3016 Caesar
1141 3003 1148 3011 .
1176 3002 1186 3012 .
1214 3002 1224 3012 .
1250 3002 1261 3013 .
1315 2965 1472 3028 utque
1520 2964 1891 3016 animadvertit
1928 2965 2156 3035 undique

659 3085 711 3119 se
768 3068 964 3119 strictis
1015 3065 1326 3133 puyionibus
1377 3067 1502 3136 peti,
1560 3072 1678 3135 toya
1722 3074 1879 3134 caput
1929 3070 2156 3139 obvolvit,

658 3171 813 3223 simul
851 3171 1071 3223 sinistra
1099 3187 1264 3222 manu
1294 3171 1470 3222 sinum
1501 3171 1574 3223 ad
1604 3173 1709 3224 ima
1743 3190 1906 3225 crura
1926 3174 2155 3244 deduxit,

662 3292 763 3344 quo
833 3275 1091 3328 honestius
1154 3275 1354 3328 caderet
1410 3276 1564 3328 etiam
1620 3262 1873 3343 inferiore
1930 3280 2157 3343 corporis

654 3383 806 3444 parte
845 3379 1027 3433 velata.

369 3574 570 3626 Ultima
628 3576 790 3627 huius
849 3577 1140 3628 sententiae
1198 3575 1372 3643 verba,
1430 3576 1581 3628 etiam
1641 3576 1893 3644 inferiore
1932 3578 2159 3642 corporis
