2462 4186
1420 412 1487 500 20

811 727 932 795 Cap.
993 728 1079 779 56.
1139 727 1373 797 Reliquit
1424 734 1471 781 et
1509 745 1687 781 rerum
1724 746 1942 781 suarum
1982 733 2383 801 commentarios,

880 831 1078 884 Gallici
1115 833 1376 903 civilisque
1415 833 1532 886 belli
1577 834 1894 900 Pompeiani.

573 1026 766 1080 Denuo
806 1029 1095 1081 incidimus
1135 1030 1189 1081 in
1226 1030 1322 1081 hac
1355 1033 1620 1083 sententia
1654 1032 1709 1083 in
1733 1033 2052 1085 vocabulum
2078 1050 2182 1086 non
2206 1034 2379 1086 solum

498 1149 717 1200 prorsus
777 1150 1190 1202 supervacuum,
1253 1135 1344 1187 sed
1405 1136 1560 1187 etiam
1624 1136 1838 1189 lectoris
1896 1154 2053 1191 aures
2093 1138 2379 1191 offendens.

499 1237 642 1290 Illud
683 1238 992 1303 Pompeiani
1029 1230 1450 1292 insulsissimum
1492 1246 1572 1292 est
1606 1241 1885 1294 emblema.
1903 1242 2211 1311 Numquam
2237 1244 2378 1295 enim

498 1344 613 1411 ipse
673 1342 864 1396 Caesar
917 1343 1116 1396 bellum
1158 1344 1313 1396 civile
1353 1344 1456 1396 alio
1499 1346 1714 1397 nomine
1753 1347 2050 1398 nominavit
2089 1363 2248 1415 quam
2287 1347 2380 1398 illo

495 1449 654 1517 civile,
715 1451 858 1519 quod
919 1450 1120 1502 bellum
1181 1467 1305 1503 cum
1358 1450 1612 1519 Pompeio
1650 1456 1860 1520 gestum
1902 1452 2090 1519 fuisse,
2128 1451 2380 1504 omnibus

496 1555 768 1624 RomaniS,
822 1559 980 1609 etiam
1028 1559 1340 1610 recentioris
1393 1558 1579 1610 aetatis
1633 1558 1830 1626 optime
1869 1561 2053 1609 notum
2095 1557 2211 1609 fuit.
2251 1556 2378 1610 Sine

498 1661 661 1713 dubio
704 1661 896 1714 Caesar
936 1679 1058 1715 cum
1101 1662 1219 1714 aliis
1258 1678 1472 1731 quoque
1511 1661 1649 1715 bella
1689 1662 1868 1714 civilia
1906 1664 2101 1731 gessit„
2129 1661 2222 1714 sed
2261 1661 2377 1714 illo-

493 1783 614 1819 rum
677 1767 937 1819 bellorum
992 1769 1402 1819 commentarios
1453 1784 1561 1819 non
1615 1768 1839 1841 scripsit.
1881 1766 2093 1818 Bellum
2135 1767 2307 1834 civile,
2345 1783 2376 1818 a

495 1871 718 1925 Caesare
777 1873 1101 1942 descriptum
1163 1890 1333 1924 unum
1389 1877 1595 1925 tantum
1650 1878 1730 1924 est
1769 1877 1931 1941 atque
1971 1872 2133 1924 scribi
2173 1873 2372 1941 potuit3

492 1979 587 2030 hac
641 1979 706 2031 de
745 1995 802 2032 re
842 1994 998 2031 nemo
1040 1978 1282 2031 dubitare
1322 1980 1506 2048 potuit.
1548 1978 1830 2030 Praeterea
1871 1977 2063 2030 Caesar
2101 1994 2370 2031 commen-

490 2086 640 2136 tariis
694 2086 808 2137 suis
858 2086 1131 2154 inscripsit
1181 2085 1394 2137 titulum
1443 2083 1684 2151 „Bellum
1726 2082 1933 2151 civile’',
1972 2100 2077 2135 non
2125 2083 2370 2151 „Bellum

488 2191 645 2243 civile
707 2190 1131 2259 Pompeianum’'
1191 2191 1276 2243 vel
1341 2190 1586 2257 „Bellum
1647 2188 2071 2259 Pompeianum'’
2124 2195 2176 2242 et
2226 2190 2371 2242 hunc

486 2298 722 2366 titulum,
773 2315 803 2349 a
857 2296 1079 2350 Caesare
1127 2298 1383 2366 scriptum
1426 2301 1478 2349 et
1519 2296 1677 2365 lippis
1717 2313 1778 2348 ac
1817 2296 2125 2348 tonsoribus
2166 2300 2370 2365 notum,

488 2404 650 2455 citare
711 2403 880 2455 voluit
940 2402 1246 2455 Suetonius.
1305 2401 1471 2455 Nulla
1511 2401 1755 2455 exstabat
1804 2418 1966 2454 causa
2017 2418 2111 2454 cur
2152 2402 2370 2456 adderet

485 2512 671 2560 auctor
711 2503 846 2560 hanc
888 2507 1250 2560 definitionem
1287 2507 1607 2576 Pompeiani,
1642 2508 1768 2576 quia
1788 2507 1938 2559 nullo
1960 2508 2116 2560 modo
2139 2507 2365 2560 dubium

483 2631 600 2668 esse
658 2615 830 2683 potuit
887 2615 1046 2665 cuius
1088 2613 1213 2666 belli
1254 2613 1428 2665 civilis
1468 2613 1790 2665 mentionem
1832 2612 2017 2664 fecerit
2055 2612 2362 2666 Suetonius

482 2720 654 2783 Quam
717 2720 783 2773 ob
843 2737 954 2773 rem
1015 2720 1170 2772 credo
1223 2720 1570 2789 glossatorem
1613 2718 1880 2787 quendam
1921 2719 2364 2788 suprascripsisse

480 2826 806 2896 Pompeiani,
866 2831 927 2878 ut
985 2826 1244 2879 indicaret
1299 2825 1353 2877 id
1407 2824 1606 2877 bellum
1648 2825 1885 2876 voluisse
1924 2827 2212 2892 auctorem,
2251 2840 2357 2877 non

478 2950 648 2985 unum
707 2949 776 2985 ex
834 2932 953 2984 aliis
1015 2930 1255 2983 Caesaris
1307 2930 1462 2983 bellis
1513 2929 1779 2982 civilibus
1832 2928 2042 2982 Nomen
2083 2930 2356 2998 proprium

476 3054 602 3106 ergo
645 3037 932 3090 delendum
974 3052 1178 3089 censeo,

779 3252 904 3322 Cap.
946 3255 1030 3305 58.
1071 3253 1143 3305 In
1181 3253 1431 3306 obeundis
1469 3252 1877 3319 expeditionibus
1916 3252 2126 3305 dubium
2157 3252 2357 3305 cautior

845 3374 919 3409 an
990 3357 1284 3425 audentior,
1354 3358 1632 3410 exercitum
1701 3373 1866 3427 neque
1928 3374 2030 3426 per
2098 3356 2354 3410 insidiosa

842 3462 1038 3514 itinera
1096 3463 1244 3515 duait
1293 3479 1527 3532 unquam
1564 3462 1667 3514 nisi
1696 3462 2091 3531 perspeculatus
2127 3461 2352 3515 locorum

840 3566 989 3633 situS,
1046 3583 1212 3634 neque
1253 3566 1308 3617 in
1349 3566 1699 3618 Britanniam
1738 3567 2044 3633 transvecti,
2082 3565 2190 3617 nisi
2226 3571 2351 3618 ante
