2462 4186
1166 471 1229 520 51

256 663 376 698 rum
436 662 649 698 narrare
695 626 864 696 voluit
904 648 1089 695 auctor
1127 643 1192 694 de
1231 644 1350 708 reis,
1392 658 1620 710 quorum
1666 642 1832 693 multo
1874 646 1996 693 ante
2036 657 2128 691 no-

258 752 401 803 mina
459 751 629 803 delata
687 754 852 814 erant,
903 749 1052 816 taleS,
1101 747 1285 816 quales
1326 751 1703 798 commemorat
1740 747 1798 797 in
1838 745 2130 797 Domitiani

257 857 381 922 vita,
433 872 542 924 cap.
598 856 655 906 9:
703 856 826 921 „rei,
867 855 961 922 qui
1001 857 1123 904 ante
1164 853 1599 920 quinquennium
1640 852 1948 919 proximum
1990 850 2130 918 apud

257 961 517 1013 aerarium
558 957 984 1028 pependissent.’'
1024 956 1140 1008 Hac
1181 957 1245 1008 de
1284 955 1685 1024 significatione,
1725 956 1810 1007 vel
1848 957 2025 1023 potius
2066 955 2131 1007 de

259 1066 356 1116 hac
394 1063 693 1132 explicandi
734 1064 938 1114 ratione
976 1063 1115 1114 inter
1155 1076 1212 1113 se
1251 1061 1595 1112 consentiunt
1634 1060 1736 1111 viri
1777 1060 1933 1126 docti,
1972 1061 2131 1111 inter-

257 1173 430 1237 pretes
470 1172 577 1219 tam
618 1171 821 1218 veteres
862 1182 1020 1233 quam
1061 1166 1410 1229 recentiores,
1455 1165 1554 1215 hoc
1594 1179 1718 1232 ergo
1758 1180 1864 1215 non
1887 1165 2132 1232 estquod

260 1289 471 1342 quaer0,
510 1272 602 1324 sed
641 1287 767 1340 rogo
808 1288 938 1322 num
983 1271 1116 1322 bene
1136 1269 1322 1321 Latine
1344 1269 1447 1320 dici
1468 1271 1635 1337 possit
1655 1268 1949 1320 diuturnus
1968 1267 2134 1321 reus?

331 1376 496 1429 Estne
553 1377 680 1428 haec
733 1375 930 1426 locutio
980 1379 1260 1442 argenteae
1302 1372 1644 1424 Latinitatis?
1684 1372 1919 1439 Minime,
1958 1388 2133 1441 neque

260 1497 433 1548 aurea,
470 1496 646 1548 neque
685 1483 933 1548 argentea
974 1478 1258 1530 Latinitate
1292 1482 1433 1530 recte
1468 1477 1627 1529 scribi
1649 1479 1824 1546 potuit
1844 1471 2133 1530 diuturnus

259 1602 394 1637 reus.
453 1584 751 1652 Nusquam,
803 1599 979 1651 neque
1018 1583 1158 1651 apud
1200 1582 1530 1649 Suetonium,
1572 1597 1746 1650 neque
1785 1583 1926 1651 apud
1967 1584 2131 1635 alium

263 1692 570 1760 scriptorem
611 1691 774 1741 huius
813 1689 1096 1740 locutionis
1131 1688 1436 1756 exemplum
1458 1689 1917 1755 inveniemUS,hic
1939 1691 2133 1740 unicus

263 1799 438 1847 exstat
476 1795 644 1862 locus,
685 1793 776 1844 ubi
815 1792 1108 1848 diuturnus
1149 1793 1345 1844 dicitur
1385 1793 1448 1844 de
1490 1808 1726 1861 persona.

338 1899 555 1967 Semper
599 1897 1032 1965 coniungendam
1073 1901 1153 1949 est
1192 1897 1515 1949 adiectivum
1557 1897 1843 1948 diuturnus
1862 1913 1984 1948 cum
2009 1897 2131 1949 sub-

265 2006 511 2071 stantivo,
550 2003 692 2071 quod
732 2001 995 2070 significat
1034 2005 1246 2068 statum,
1286 2001 1489 2070 factum
1529 2002 1613 2052 vel
1634 2001 1898 2068 actionem,
1919 2002 1986 2052 ad
2007 2002 2136 2053 haec

265 2109 600 2162 substantiva
638 2107 1005 2159 tantummodo
1047 2107 1285 2175 quadrat,
1326 2123 1430 2158 non
1466 2107 1530 2158 ad
1565 2122 1857 2175 personam.
1880 2106 1967 2158 Sic
1987 2107 2137 2175 loqui

223 2202 229 2203 ⁷
265 2230 568 2283 possumus,
608 2217 668 2264 ut
706 2212 933 2280 legimus
974 2213 1114 2279 apud
1156 2216 1418 2279 nostrum,
1452 2212 1516 2263 de
1554 2212 1811 2263 diuturna
1843 2211 2137 2263 valetudine

266 2318 467 2384 (Galba,
525 2334 633 2385 cap.
696 2317 772 2381 3);
829 2316 892 2367 de
944 2319 1052 2367 tam
1106 2315 1361 2368 diuturno
1399 2317 1566 2381 spatio
1604 2316 1828 2383 (Caesar,
1869 2333 1978 2384 cap.
2020 2316 2135 2380 68);

267 2425 343 2475 sic
403 2423 629 2492 legimus
689 2421 833 2489 apud
887 2419 1190 2473 Ciceronem
1234 2420 1331 2487 (De
1370 2422 1586 2473 divinat.
1627 2421 1666 2473 Ι.
1707 2438 1748 2472 c.
1789 2422 1909 2486 49):
1957 2419 2138 2487 „Quae

267 2532 472 2582 extis..
495 2569 536 2580 ..
580 2529 1034 2597 praesentiuntur,
1073 2527 1201 2578 haec
1240 2530 1419 2578 notata
1459 2531 1588 2579 sunt
1620 2526 1990 2578 observatione
2025 2526 2139 2577 diu-

266 2632 490 2699 turna’';
552 2633 634 2685 vel
693 2632 835 2700 apud
866 2631 1118 2684 ‘eundem
1169 2629 1269 2695 (De
1308 2630 1606 2698 Senectute,
1646 2647 1756 2699 cap.
1802 2631 1914 2696 19):
1962 2629 2140 2695 „Nihil

270 2740 399 2791 mihi
437 2739 753 2790 diuturnum
795 2737 1020 2803 videtur,
1058 2737 1112 2786 in
1157 2751 1263 2803 quo
1304 2739 1384 2787 est
1419 2735 1622 2802 aliquid
1644 2733 2137 2787 extremum.’'Non

271 2843 483 2894 difficile
541 2846 620 2894 est
666 2845 922 2893 sexcenta
960 2841 1124 2891 huius
1166 2840 1240 2891 rei
1282 2839 1467 2890 afferre
1508 2839 1753 2906 exempla
1792 2838 1883 2890 sed
1923 2839 2141 2889 minime

270 2946 422 2997 facile
460 2949 540 2997 est
578 2945 801 2996 alterum
845 2943 1096 3011 praebere
1134 2943 1442 3010 exemplum
1488 2959 1634 3009 usus,
1674 2958 1831 3010 quem
1855 2942 2142 2994 Suetonius

272 3051 500 3102 traditur
540 3050 703 3101 huius
742 3049 987 3100 adie'ctivi
1024 3048 1226 3100 fecisse.

358 3152 655 3206 Diuturnus
691 3169 814 3204 reus
846 3163 957 3203 'non
999 3156 1079 3204 est
1117 3151 1303 3203 Latine
1342 3151 1542 3203 dictum
1578 3155 1629 3203 et
1649 3151 1801 3203 valde
1821 3152 1983 3202 miror
2001 3151 2144 3202 hunc

276 3260 450 3310 locum
511 3274 604 3326 per
656 3258 834 3309 omnia
886 3256 1098 3308 saecula
1154 3257 1411 3308 mansisse
1451 3257 1727 3321 intactum,
1768 3270 1867 3307 nec
1907 3272 2146 3323 unquam

276 3363 562 3416 offendisse
621 3362 790 3413 ullum
851 3363 1214 3429 interpretum.
1279 3360 1544 3428 Equidem
1605 3375 1918 3428 persuasum
1980 3358 2147 3412 habeo

282 3468 558 3519 lectionem
623 3466 1000 3518 diuturnorum
1051 3481 1266 3532 pravam
1321 3480 1453 3531 esse,
1503 3468 1782 3531 ortamque
1832 3479 1860 3515 e
1898 3463 2147 3532 pluribus

283 3569 571 3634 vocabulis,
644 3585 794 3636 quae,
864 3569 1235 3620 remotissimis
1292 3566 1620 3635 temporibus
1681 3567 1815 3617 male
1875 3567 2154 3635 descripta,
