2462 4186
1263 425 1334 473 44

354 603 570 654 infimae
610 601 928 653 conditionis
967 601 1208 668 feminas,
1249 601 1339 653 sed
1380 601 1528 668 tales,
1572 615 1708 668 quae
1748 600 1988 668 cognatis
2027 599 2233 650 amicis-

355 722 460 775 que
499 706 645 758 cordi
685 721 801 758 esse
841 705 1118 758 debebant.

429 811 683 880 Legimus
723 811 867 863 enim
907 811 1049 880 apud
1087 811 1327 863 Tacitum
1363 809 1685 877 (Germania,
1708 825 1819 878 cap.
1862 809 1942 876 8):
1971 807 2235 878 „Captivi-

355 917 553 982 tate(m)
588 915 745 983 longe
778 916 1143 984 impatientius
1176 915 1498 967 feminarum
1534 931 1755 966 suarum
1778 914 1996 966 nomine
2017 914 2235 979 timent3

356 1018 486 1072 adeo
541 1024 600 1072 ut
653 1019 922 1072 efficacius
976 1019 1279 1088 obligentur
1323 1020 1490 1071 animi
1528 1020 1821 1086 civitatum,
1861 1017 2061 1087 quibus
2100 1020 2239 1071 inter

356 1124 568 1177 obsides
627 1125 835 1193 puellae
895 1141 1111 1193 quoque
1170 1124 1376 1177 nobiles
1430 1123 1815 1194 imperantur.’'
1856 1123 1912 1176 Si
1953 1128 2130 1176 autem
2171 1124 2238 1176 iis

355 1232 588 1297 potestas
649 1228 713 1280 ab
772 1229 1023 1298 Augusto
1080 1229 1218 1282 facta
1278 1234 1372 1297 est,
1432 1230 1642 1298 quoties
1701 1229 1899 1282 vellent
1948 1229 2239 1298 recipiendi

356 1334 563 1403 puellas
621 1312 773 1402 illas,
816 1335 1035 1413 minime
1088 1351 1223 1403 opus
1262 1335 1328 1387 iis
1369 1339 1481 1387 erat
1520 1336 1720 1387 timere.
1762 1333 1938 1386 Etiam
1979 1332 2240 1386 vocabula

355 1440 554 1509 quoties
590 1439 777 1492 vellent
815 1441 995 1509 potius
1035 1440 1412 1509 coniungenda
1451 1443 1578 1492 sunt
1617 1455 1740 1491 cum
1780 1437 2056 1502 revisendi,
2077 1454 2239 1506 quam

357 1563 479 1598 cum
531 1545 829 1615 reeipiendi,
881 1563 1007 1598 nam
1056 1562 1124 1598 ex
1162 1547 1230 1598 iis
1273 1545 1518 1598 videmus
1557 1544 1868 1613 Augustum
1909 1542 2240 1596 intellexisse

357 1652 412 1703 id
470 1667 626 1720 saepe
683 1651 801 1704 fieri
839 1668 1009 1721 posse,
1051 1651 1195 1720 quod
1238 1651 1343 1703 dici
1382 1667 1489 1703 non
1530 1654 1704 1719 potest
1742 1649 1806 1702 de
1845 1647 2122 1701 obsidibus
2159 1664 2239 1701 re—

360 1758 692 1826 cuperandis.
751 1756 1015 1826 Denique,
1071 1756 1294 1810 verbum
1353 1755 1612 1808 revisendi
1651 1757 1707 1807 in
1750 1771 1855 1807 usu
1891 1753 2059 1806 fuisse
2098 1753 2241 1822 apud

360 1867 630 1915 auctorem
672 1867 933 1930 nostrum,
974 1867 1237 1915 testantur
1276 1862 1457 1930 plures
1495 1861 1615 1928 loci,
1655 1876 1683 1913 e
1723 1859 1923 1928 quibus
1964 1860 2094 1910 cito:
2129 1857 2240 1910 Tib.

361 1963 423 2020 0.’
468 1968 559 2019 11:
631 1968 794 2036 „petit
846 1972 905 2020 ut
957 1967 1059 2020 sibi
1106 1968 1499 2036 permitteretur
1531 1967 1764 2019 revisere
1803 1964 2242 2031 necessitudines,

364 2089 592 2141 quarum
653 2072 913 2125 desiderio
973 2071 1307 2138 teneretur'';
1372 2070 1555 2138 Galba,
1609 2087 1721 2139 cap.
1774 2070 1832 2121 l:
1879 2068 2128 2136 „Liviae.

364 2178 724 2231 Veientanum
780 2194 940 2230 suum
994 2178 1314 2230 revisenti..
1339 2218 1349 2229 .
1372 2218 1383 2229 .
1423 2176 1603 2244 aquila
1640 2175 1893 2245 gallinam
1935 2174 2108 2226 albam
2131 2214 2142 2225 .
2165 2214 2208 2226 ..
2234 2213 2245 2225 .

365 2284 578 2336 demisit
636 2284 690 2334 in
750 2284 1011 2352 gremium
1074 2299 1115 2335 e,
1152 2300 1199 2351 q.
1240 2281 1320 2336 S.’'
1379 2286 1473 2334 etc.
1527 2280 1694 2333 Credo
1747 2296 1871 2349 ergo
1923 2279 2242 2332 Suetonium

364 2389 642 2458 scripsisse
678 2387 954 2441 revisendi.

667 2604 792 2674 Cap.
852 2607 936 2656 22.
994 2604 1191 2656 Ianum
1254 2603 1549 2669 Quirinum,
1601 2601 1753 2654 semel
1787 2605 1945 2670 atque
1981 2601 2172 2653 iterum
2209 2618 2242 2652 α

736 2709 948 2762 condita
1004 2709 1131 2761 urbe
1187 2712 1309 2761 artie
1362 2708 1658 2782 memoriam
1711 2723 1861 2758 suam
1900 2705 2148 2774 clausum,
2184 2706 2244 2758 in

734 2815 895 2869 multo
931 2815 1156 2868 breviore
1193 2815 1437 2883 temporis
1476 2813 1645 2878 spatio
1683 2817 1828 2865 terra
1862 2813 2100 2882 marique
2116 2828 2245 2880 paee

729 2925 894 2988 parta
933 2926 1012 2973 ter
1047 2920 1215 2972 elusit.

438 3120 701 3173 Venimus
741 3119 808 3171 ad
847 3119 1025 3170 locum
1068 3117 1132 3169 de
1174 3132 1280 3185 quo
1321 3118 1566 3167 accurate
1605 3114 1834 3182 fuseque
1874 3113 2245 3165 disseruerunt

364 3225 468 3276 viri
507 3224 662 3276 docti.
706 3222 905 3275 Omnes
945 3222 1067 3273 libri
1108 3220 1250 3288 Mss„
1289 3222 1343 3271 in
1388 3218 1587 3288 quibus
1627 3219 1992 3287 antiquissimi
2031 3218 2243 3286 optimi-

365 3345 470 3397 que
527 3328 748 3380 eandem
809 3325 1064 3396 praebent
1124 3325 1435 3378 lectionem:
1493 3327 1570 3374 ter
1608 3322 1774 3374 elusit.
1815 3322 2092 3390 Integrum
2136 3321 2245 3374 fere

362 3432 601 3485 libellum
642 3431 901 3488 conficere
939 3430 1207 3499 possimus
1249 3444 1319 3480 ex
1358 3427 1635 3479 doctorum
1677 3424 2112 3478 annotationibus
2136 3425 2241 3478 dis-

368 3536 845 3607 putationibusque
899 3535 962 3588 de
1007 3535 1089 3587 his
1128 3532 1419 3592 vocabulis
1460 3547 1594 3599 quas
1635 3546 1819 3583 omnes
1858 3533 2094 3599 repetere
2133 3545 2242 3581 non
