2462 4186
1309 453 1378 503 64

404 628 502 678 hoc
555 627 863 680 adverbium
920 630 1228 680 conveniret
1269 629 1334 680 ad
1375 629 1669 697 exprobavit,
1711 647 1818 682 non
1853 632 1918 683 ad
1953 648 2272 686 enumerare.

403 731 515 784 Nec
554 732 746 785 melius
787 733 1071 801 respondet
1111 732 1372 785 vocabulo
1406 735 2273 804 praecedentisiuyulorum,unde

402 841 544 905 patet
603 837 900 890 Antonium
955 840 1169 891 novisse
1221 838 1453 891 omnium
1492 842 1838 893 convivarum
1883 843 2116 894 nomina.
2156 841 2276 894 Non

403 945 726 996 mentionem
785 943 908 995 fecit
965 945 1348 996 nonnullorum
1411 960 1439 996 e
1500 947 1852 998 convivarum
1906 962 2130 1000 numero
2186 947 2280 999 sed

405 1049 795 1100 universorum.
838 1028 1048 1116 Optime
1087 1065 1212 1117 ergo
1254 1049 1395 1101 haud
1439 1049 1600 1102 dubie
1639 1055 1801 1103 totam
1838 1052 1983 1103 illam
2017 1054 2282 1121 quaestio-

405 1169 525 1205 nem
566 1154 842 1222 indagavit
880 1154 1167 1221 AntoniUS,
1208 1159 1494 1223 antequam
1539 1157 1775 1208 virorum
1813 1162 2284 1227 matronarumque

404 1259 696 1312 illustrium
757 1261 973 1311 nomina
1026 1260 1194 1312 literis
1248 1261 1500 1313 mandare
1553 1278 1720 1314 ausus
1756 1267 1851 1330 est,
1892 1279 1959 1316 ne
1998 1263 2134 1316 forte
2174 1268 2283 1316 tam

409 1366 560 1433 gravi
600 1365 655 1415 in
696 1380 753 1417 re
792 1366 1088 1417 insontium
1130 1367 1350 1418 nomina
1390 1368 1650 1419 recitaret.

485 1470 601 1533 Qua
673 1471 737 1523 de
796 1488 958 1523 causa
1016 1488 1111 1540 pro
1172 1477 1314 1525 certo
1374 1472 1541 1524 habeo
1602 1472 1917 1525 Suetonium
1977 1475 2283 1542 scripsisse:

410 1577 811 1629 accuratissime.
853 1577 970 1629 Hoc
1009 1579 1149 1629 enim
1193 1577 1505 1630 adverbium
1549 1579 1746 1647 optime
1786 1580 2036 1631 convenit
2070 1579 2138 1630 ad
2158 1595 2286 1631 euu-

410 1698 626 1750 merare,
684 1683 715 1733 i.
751 1699 820 1734 e.:
864 1684 1047 1735 recitat
1092 1683 1363 1735 Antonius
1403 1685 1620 1736 nomina
1656 1685 1890 1753 gentilia,
1928 1686 2288 1753 praenomina,

412 1789 748 1855 cognomina,
787 1804 854 1840 ne
895 1789 1017 1856 quis
1058 1788 1304 1841 dubitare
1343 1790 1513 1857 possit
1556 1794 1736 1842 utrum
1773 1795 1976 1859 patrem
2012 1807 2079 1843 an
2100 1790 2289 1858 filium,

413 1896 636 1944 matrem
695 1909 762 1943 an
822 1892 986 1944 filiam
1050 1894 1326 1945 nominare
1364 1894 1607 1946 voluerit.
1646 1894 1796 1946 Tunc
1837 1895 2068 1964 denique
2106 1911 2289 1960 expro-

413 1996 566 2049 brare
604 2002 775 2066 potest
815 1999 1104 2065 AntoniUS,
1146 2015 1268 2050 cum
1311 2000 1705 2052 accuratissime
1744 2002 1954 2052 noverit
1987 2005 2039 2053 et
2073 2017 2290 2054 enume-

415 2108 495 2155 ret
529 2105 767 2155 omnium
823 2105 878 2155 in
921 2120 1084 2156 caena
1124 2103 1324 2156 nefaria
1366 2107 1712 2158 convivarum
1755 2107 1985 2158 nomina.
2029 2105 2182 2169 Quod
2223 2107 2290 2159 ad

415 2225 523 2260 rem
572 2210 1064 2278 palaeographicam
1106 2211 1310 2277 attinet,
1349 2227 1454 2262 non
1497 2211 1728 2263 multum
1771 2192 1910 2264 inter
1949 2227 2006 2264 se
2040 2211 2291 2264 differunt

420 2315 744 2367 amarissime
799 2320 850 2367 et
900 2316 1306 2384 accuratissime,
1361 2333 1467 2385 quo
1506 2316 1622 2370 fieri
1662 2321 1851 2386 potest,
1890 2322 1948 2369 ut
1988 2316 2161 2369 scriba
2199 2316 2290 2368 ali-

419 2424 555 2491 quis,
621 2428 743 2475 ante
793 2423 977 2475 oculos
1035 2424 1138 2474 iam
1200 2423 1401 2476 habens
1461 2422 1684 2475 verbum
1746 2423 2058 2488 exprobrare
2112 2423 2290 2491 potius

418 2529 688 2597 scripserit
739 2528 792 2579 id
845 2528 1174 2596 adverbium,
1224 2529 1368 2596 quod
1409 2532 1528 2597 apte
1566 2545 1689 2580 cum
1731 2544 1793 2580 eo
1835 2527 1997 2580 verbo
2037 2528 2292 2596 coniungi

417 2637 603 2702 potest.
643 2633 895 2684 Attamen
937 2649 1044 2684 non
1087 2637 1167 2685 est
1207 2632 1580 2700 dubitandum,
1621 2634 1750 2700 quin
1786 2631 2112 2684 amarissime
2133 2646 2292 2700 prave

419 2739 487 2790 sit
527 2738 796 2791 traditum.

729 2954 851 3021 Cap.
890 2956 972 3006 72.
1013 2955 1093 3007 Ac
1127 2972 1223 3021 per
1262 2971 1432 3008 annos
1468 2955 1693 3022 amplius
1729 2957 2089 3026 quadrayiuta
2127 2958 2296 3012 eodem

792 3059 1024 3113 cubiculo
1062 3058 1221 3112 hieme
1259 3064 1308 3112 et
1343 3064 1539 3112 aestate
1574 3061 1786 3128 mansit,
1826 3063 2065 3132 quamvis
2100 3079 2298 3129 parum

793 3164 1053 3217 salubrem
1090 3164 1375 3217 valitudini
1411 3181 1539 3217 suae
1570 3165 1751 3219 urbem
1781 3166 1942 3219 hieme
1961 3168 2298 3236 emperiretur,

797 3269 1111 3339 assidueque
1152 3269 1205 3321 iu
1243 3268 1370 3321 urbe
1406 3267 1671 3322 hiemaret.

501 3467 850 3536 Lepidissime
907 3470 1067 3534 atque
1105 3467 1414 3518 acutissime
1454 3466 1553 3517 hoc
1592 3466 1656 3518 de
1697 3467 1813 3518 loco
1855 3467 2106 3520 disseruit
2146 3467 2298 3521 Pola-

427 3573 564 3639 kius,
622 3574 676 3623 in
737 3571 912 3623 libello
971 3574 1077 3623 iam
1119 3588 1281 3639 supra
1320 3572 1491 3622 citato.
1534 3569 1787 3623 Mendose
1827 3572 2002 3623 locum
2045 3573 2296 3630 traditum
