2462 4186
1163 456 1231 505 53

564 732 688 800 Cap.
730 735 816 784 49.
856 732 930 784 Et
968 749 1066 801 quo
1103 732 1314 784 celerius
1356 749 1417 783 ac
1448 732 1541 783 sub
1574 748 1791 783 manum
1812 731 2128 783 adnuntiari

628 836 950 906 coquoscique
980 840 1166 904 posset,
1205 835 1335 902 quid
1371 836 1428 887 in
1458 835 1734 903 provincia
1765 851 1968 904 quaque
1983 851 2126 903 yere-

624 945 784 1009 relur,
835 942 1042 993 iuvenes
1075 941 1248 1006 primo
1287 941 1499 992 modicis
1535 938 1825 992 intervallis
1856 956 1954 1009 per
1994 939 2129 990 mili-

626 1045 761 1097 taris
814 1046 942 1112 viaS,
993 1044 1177 1097 dehinc
1226 1044 1453 1096 vehicula
1494 1044 1759 1109 disposuit.
1803 1040 2127 1097 Commodius

628 1148 686 1200 id
722 1148 888 1199 visum
925 1152 1012 1215 est,
1051 1152 1109 1200 ul
1147 1149 1239 1214 qui
1277 1165 1312 1199 α
1351 1147 1452 1200 loco
1481 1147 1764 1215 perferunt
1796 1146 2010 1214 litteraS,
2043 1145 2125 1198 in-

623 1254 881 1321 terroyari
916 1270 1129 1323 quoque,
1168 1254 1214 1304 si
1251 1252 1379 1322 quid
1414 1269 1497 1305 res
1534 1253 1759 1319 eoeiyant,
1796 1252 2014 1320 possint.

325 1469 437 1521 Iam
477 1468 868 1537 antiquioribus
908 1468 1200 1521 editoribus
1243 1469 1327 1520 hic
1365 1468 1514 1520 locus
1537 1471 1818 1536 suspectus
1841 1468 1992 1519 visus
2015 1471 2120 1532 est;

255 1575 501 1642 inprimis
541 1574 949 1642 disputaverunt
990 1575 1053 1626 de
1093 1573 1366 1625 vocabulis
1405 1590 1440 1624 a
1479 1572 1595 1625 loco,

328 1678 505 1731 Variis
548 1679 718 1731 modis
757 1695 818 1731 ea
857 1679 1139 1747 explicare,
1177 1679 1526 1747 interpretari,
1565 1679 1728 1729 immo
1766 1678 1923 1729 etiam
1946 1692 2123 1729 emen-

254 1782 379 1835 dare
436 1785 610 1835 conati
667 1787 807 1835 sunt.
834 1844 836 1846 ¹
866 1783 1169 1851 Explicavit
1226 1798 1267 1835 θ.
1325 1799 1373 1850 g.
1426 1781 1788 1848 Burmannus,
1841 1781 1935 1848 qui
1973 1783 2125 1848 putat

254 1903 290 1937 a
327 1885 429 1938 loco
468 1886 767 1955 significare
805 1903 839 1938 a
877 1886 980 1938 loco
1018 1886 1095 1938 rei
1127 1889 1314 1953 yeslae,
1353 1887 1511 1953 eique
1545 1884 1899 1953 adstipulatur
1921 1883 2124 1936 Canne-

252 1992 485 2059 gieterus
525 1991 629 2057 (Ad
668 1992 955 2058 Avianum,
994 2007 1111 2059 pag.
1158 1991 1293 2055 150).

326 2094 765 2148 Emendaverunt
830 2094 1177 2147 Casaubonus
1236 2099 1287 2147 et
1346 2093 1623 2159 Graevius,
1681 2094 1776 2160 qui
1832 2091 2116 2160 legendum

253 2204 643 2268 proposuerunt
701 2199 955 2266 alicunde,
1013 2201 1045 2250 i.
1087 2215 1156 2251 e.:
1212 2215 1242 2250 a
1282 2199 1397 2250 loco
1440 2197 1688 2266 quodam,
1729 2214 1759 2248 a
1799 2211 2122 2265 quocunque

251 2303 382 2354 loeo,
442 2302 545 2355 Sed
603 2305 782 2354 omnia
833 2304 961 2355 haee
1014 2320 1164 2355 vana.
1204 2302 1336 2354 Nam
1380 2302 1500 2354 luoe
1540 2302 1736 2354 clarius
1779 2306 1858 2353 est
1898 2302 2121 2353 iuvenes

251 2406 370 2458 illos
414 2408 595 2459 venire
634 2423 663 2459 e
700 2407 815 2459 loeo
856 2409 932 2459 rei
969 2412 1178 2475 gestae,
1219 2423 1328 2458 non
1369 2410 1449 2458 est
1482 2405 1733 2458 credibile
1766 2405 1885 2456 illos
1919 2405 2120 2457 litteras

250 2511 480 2580 perferre
538 2527 607 2564 ex
667 2512 896 2580 quodam
954 2513 1086 2578 loco,
1146 2509 1239 2563 ubi
1293 2512 1421 2562 nihil
1466 2516 1578 2563 erat
1616 2515 1859 2579 gestum3
1900 2510 2120 2562 minime

252 2632 385 2685 opus
425 2622 535 2669 erat
574 2617 783 2669 disertis
824 2617 1002 2669 verbis
1042 2617 1142 2668 hoo
1177 2616 1491 2685 significare.

324 2721 436 2775 Nec
489 2724 659 2791 magis
711 2723 839 2774 mihi
878 2722 1074 2774 arridet
1112 2723 1266 2774 lectio
1307 2720 1564 2788 alicunde,
1605 2737 1727 2772 nam
1769 2721 1866 2772 hoo
1905 2736 2120 2789 quoque

252 2825 562 2878 adverbium
620 2827 677 2876 in
735 2827 999 2877 sententia
1038 2829 1218 2877 nostra
1258 2841 1475 2893 prorsus
1516 2824 1763 2875 abundat.
1807 2823 2115 2891 Numquam

252 2931 393 2982 enim
434 2930 536 2982 fuit
574 2931 801 2997 iuvenis,
840 2947 1139 2997 numquam
1181 2929 1325 2981 ullus
1365 2930 1479 2996 erit,
1520 2929 1613 2996 qui
1650 2929 1852 2980 litteras
1891 2927 2119 2996 perferre

252 3035 420 3102 possit
469 3051 504 3085 a
552 3033 699 3086 millo
741 3032 856 3085 loco,
898 3034 947 3084 A
989 3033 1218 3101 quodam
1259 3033 1372 3084 loeo
1414 3048 1503 3085 eos
1543 3033 1724 3084 venire
1761 3047 1854 3100 per
1894 3047 1950 3083 se
1989 3033 2119 3083 satis

251 3142 408 3208 patet,
463 3154 561 3190 neo
618 3138 830 3190 credere
888 3152 1106 3206 possum
1167 3154 1407 3205 unquam
1461 3136 1776 3188 Suetonium
1817 3137 1953 3187 hanc
1992 3151 2122 3202 rem,

255 3258 392 3311 quae
429 3258 524 3311 per
563 3258 619 3295 se
658 3246 879 3309 constat,
919 3243 1128 3294 disertis
1170 3241 1344 3293 verbis
1385 3242 1702 3293 narravisse.
1740 3239 1946 3292 Deinde
1986 3239 2117 3290 nihil

253 3348 318 3399 ad
376 3363 484 3399 rem
524 3346 649 3398 facit
692 3347 832 3398 unde
871 3347 1092 3398 veniant
1131 3347 1369 3411 iuveneS,
1408 3345 1502 3397 sed
1542 3361 1647 3413 quo
1689 3345 1842 3396 modo
1884 3345 2114 3396 veniant.

257 3451 403 3514 Quae
455 3467 582 3503 sane
627 3450 890 3502 intellexit
930 3450 1268 3501 doctissimus
1306 3448 1668 3513 BurmannuS,
1707 3463 1827 3499 oum
1870 3452 2111 3498 annotet:

263 3555 347 3623 „A
389 3556 492 3608 loco
533 3556 618 3607 hio
658 3557 974 3624 interpretor
1013 3553 1281 3615 celerrime,
1319 3553 1506 3614 statim,
1545 3550 1640 3603 sub
1679 3567 1859 3617 manu,
1898 3551 2115 3601 dieitur-
