2462 4186
1235 430 1298 480 12

322 609 435 659 loeo
483 611 665 659 nostro
707 606 915 658 efficere
957 606 1093 672 lieet,
1136 605 1404 657 interdum
1448 611 1498 657 et
1537 603 1853 656 oonsulibus
1894 603 2204 655 demandari

323 711 603 781 potuisse?
664 710 948 762 Affirmare
1004 710 1058 760 id
1112 714 1253 761 certe
1307 725 1412 760 non
1468 708 1654 775 audeO,
1695 708 2003 776 praesertim
2059 708 2203 776 quod

326 833 408 869 me
461 816 680 868 offendit
731 831 894 866 unam
935 818 1144 866 tantum
1187 814 1516 882 provinciam
1562 813 1826 863 nominari
1867 811 1931 862 ab
1973 816 2207 878 auctore,

323 937 446 972 oum
501 920 606 972 duo
660 924 839 972 essent
890 918 1153 970 consules.
1210 916 1327 979 Qua
1370 917 1434 969 de
1474 933 1636 968 causa
1674 931 1993 984 persuasum
2036 915 2204 967 habeo

325 1025 486 1077 verba
536 1024 591 1076 id
640 1029 713 1075 est
763 1023 923 1075 silvae
976 1022 1229 1089 callesque
1270 1039 1375 1074 non
1416 1037 1533 1074 esse
1573 1021 1835 1088 Suetonii,
1870 1020 1963 1072 sed
2002 1021 2203 1090 glossa·

321 1131 465 1182 toris.
524 1129 664 1181 Satis
716 1133 859 1197 patet
911 1128 1041 1196 quid
1098 1127 1366 1179 voluerint
1417 1127 1712 1195 optimateS,
1754 1124 1995 1193 quidque
2033 1125 2098 1177 de
2137 1127 2204 1177 iis

323 1250 538 1287 narrare
597 1234 828 1286 voluerit
885 1237 1085 1284 auctor.
1145 1230 1473 1283 Huiusmodi
1533 1230 1789 1280 nimirum
1851 1229 2206 1281 decreverunt

324 1340 643 1409 provinciaS‚
703 1338 795 1389 ubi
855 1337 1018 1389 nullis
1071 1337 1237 1404 copiis
1290 1352 1425 1404 opus
1477 1340 1604 1402 erat,
1657 1333 1752 1385 ubi
1803 1349 1929 1402 ergo
1984 1334 2205 1386 minime

312 1445 644 1497 metuendus
696 1444 833 1496 foret
874 1442 1079 1494 Caesar.
1121 1441 1247 1493 Sine
1288 1440 1467 1508 dubio,
1506 1444 1558 1492 et
1597 1440 1725 1491 haec
1766 1440 2033 1491 enarravit
2071 1438 2206 1491 Sue-

322 1551 503 1601 tonius
556 1565 663 1600 non
720 1549 1003 1600 nominans
1047 1548 1221 1598 varias
1255 1546 1579 1614 provincias,
1618 1561 1740 1596 nam
1783 1560 1971 1612 parum
2014 1543 2203 1612 proba-

325 1655 429 1706 bile
469 1659 548 1707 est
587 1653 772 1706 ambos
812 1653 1061 1705 consules
1105 1667 1267 1703 unam
1308 1651 1636 1719 provinciam
1678 1650 1817 1700 inter
1851 1663 1908 1700 se
1942 1647 2202 1700 divisisse.

323 1759 381 1812 Si
437 1764 617 1812 autem
676 1774 801 1810 vera
846 1762 984 1810 esset
1035 1757 1206 1823 leotiO,
1260 1755 1365 1807 utri
1416 1753 1701 1806 tribuenda
1752 1757 1831 1806 est
1883 1752 2206 1821 provincia?

324 1864 518 1916 Bibulo
560 1880 626 1915 an
669 1862 917 1915 Caesari?
956 1860 1128 1914 Nemo
1169 1865 1249 1912 est
1290 1860 1384 1928 qui
1422 1858 1742 1927 respondere
1781 1858 1961 1926 possit.

396 1969 570 2037 Igitur
627 1967 801 2034 oredO,
862 1967 988 2034 quia
1045 1965 1320 2033 provincia
1371 1963 1627 2015 silvarum
1680 1963 2023 2030 oalliumque,
2063 1962 2205 2014 inter

323 2074 470 2140 alias,
530 2073 738 2124 minimi
789 2076 901 2124 erat
939 2071 1153 2139 negotii,
1193 2070 1322 2122 haee
1362 2068 1537 2137 verba,
1576 2074 1847 2137 tamquam
1890 2068 2201 2136 explicatio-

324 2197 461 2246 nem,
501 2179 765 2247 adsoripta
798 2193 914 2230 esse
954 2181 1005 2229 et
1044 2192 1072 2228 e
1114 2176 1352 2245 margine
1391 2176 1446 2226 in
1490 2178 1699 2227 textum
1740 2175 2034 2242 irrepsisse.

627 2394 754 2460 Cap.
817 2395 904 2447 20.
968 2392 1118 2447 Unus
1156 2409 1219 2445 ex
1255 2408 1310 2444 eo
1349 2397 1582 2457 tempore
1609 2391 1783 2444 omnia
1820 2391 1877 2442 in
1917 2390 2202 2456 Republica

697 2506 744 2553 et
800 2500 873 2552 ad
929 2499 1205 2552 arbitrium
1257 2498 1680 2550 administravit:
1729 2501 1791 2549 ut
1829 2496 2073 2549 nonnulli
2109 2513 2200 2548 nr-

696 2606 969 2673 banorum‚
1023 2621 1182 2675 quum
1233 2603 1362 2673 qnid
1411 2620 1505 2669 per
1555 2604 1724 2655 iocum
1763 2602 1992 2658 testandi
2023 2602 2202 2670 qratia

695 2714 983 2782 siynarent,
1037 2728 1145 2764 non
1199 2710 1437 2763 CAESARE
1488 2714 1536 2761 et
1585 2709 1804 2776 BnmLo,
1843 2708 1934 2761 sed
1970 2708 2115 2760 Iumo
2154 2712 2203 2760 et

697 2816 936 2870 CAESARE
979 2815 1270 2869 consulibus
1322 2820 1493 2867 actum
1531 2814 1829 2882 scriberent,
1868 2813 1944 2866 bis
1982 2813 2202 2866 eundem

693 2926 1081 2992 praeponamne,
1118 2922 1326 2974 nomine
1363 2924 1518 2990 atque
1557 2919 1867 2988 coynomine.

401 3121 601 3172 Ultima
660 3121 821 3172 huius
881 3120 1175 3172 sententiae
1234 3117 1519 3170 vocabula:
1582 3116 1659 3169 bis
1715 3115 1934 3168 eundem
1983 3130 2201 3183 praepo-

323 3231 512 3293 nenteS,
563 3227 770 3278 nomine
819 3231 973 3295 atque
1011 3225 1308 3292 coynomine
1345 3225 1740 3292 ineptissimum
1783 3237 1900 3274 esse
1939 3220 2201 3273 emblema

324 3333 427 3384 iam
489 3337 628 3384 reete
689 3333 895 3383 monuit
947 3331 1046 3382 Vir
1098 3331 1219 3382 clar.
1260 3329 1325 3381 H.
1367 3330 1414 3381 J.
1454 3328 1637 3396 Polak,
1677 3329 1734 3379 in
1775 3326 1967 3393 libello,
2007 3326 2096 3377 oui
2135 3327 2199 3376 ti-

324 3439 471 3490 tulus
530 3436 844 3506 „Parerga'',
886 3452 1042 3504 quem
1084 3435 1342 3503 libellum,
1380 3435 1620 3486 nondum
1664 3435 1793 3486 satis
1833 3436 2039 3498 notum,
2078 3445 2200 3481 eru-

327 3543 667 3610 ditissimum,
725 3542 974 3609 lectuque
1032 3540 1485 3592 iucundissimum
1538 3537 1790 3590 omnibus
1830 3534 2202 3588 commendare
