2462 4186
1248 392 1316 443 56

350 582 474 634 ergo
529 566 722 617 citatus
772 581 878 616 non
935 566 1062 617 satis
1104 565 1315 618 lucidus
1356 570 1435 618 est
1475 572 1526 619 et
1567 567 1819 620 mendum
1861 568 2025 619 latere
2066 566 2222 620 oredo

342 672 398 722 in
441 670 698 723 vocabulo
739 670 834 722 die.

415 775 991 844 Circumscriptionem,
1071 775 1434 828 definitionem
1508 777 1819 844 quaerimus
1896 775 2221 828 substantivi

341 880 515 948 turba,
556 885 614 932 ut
655 881 888 932 sciamus
930 896 1036 948 qua
1075 880 1140 932 de
1178 879 1336 932 turba
1375 885 1553 933 narret
1593 885 1793 948 auctor,
1835 897 1994 949 quam
2037 879 2222 932 defini-

342 986 542 1037 tionem
582 985 891 1036 invenimus
930 985 985 1035 in
1025 983 1425 1049 sponsaliorum.
1468 983 1609 1047 Quid
1649 1001 1794 1037 nune
1817 984 1920 1037 sibi
1941 984 2057 1037 vult
2079 983 2221 1036 abla-

343 1092 486 1142 tivus
546 1089 668 1141 die?
727 1088 889 1156 Nihil,
949 1089 1040 1141 sed
1095 1091 1339 1158 suspicor
1378 1105 1541 1158 prave
1579 1089 1634 1141 id
1674 1089 1929 1142 traditum
1971 1104 2088 1141 esse
2126 1104 2222 1158 pro

342 1194 451 1253 diu,
493 1195 635 1263 quod
678 1195 866 1246 vitium
909 1195 1219 1263 saepissime
1258 1194 1454 1263 legitur
1495 1195 1551 1245 in
1590 1193 1740 1247 libris
1775 1193 1901 1247 Mss.
1935 1195 2222 1263 Augustus

342 1299 438 1352 diu
477 1303 704 1352 vexatus
746 1304 838 1351 est.
883 1297 1023 1361 Quid
1064 1300 1133 1351 sit
1169 1299 1351 1351 vexari
1390 1299 1603 1352 disertis
1645 1299 1819 1352 verbis
1861 1299 2013 1352 nobis
2055 1300 2223 1369 expli-

341 1407 425 1455 eat
462 1403 526 1454 A.
571 1402 778 1455 Gellius
818 1401 950 1468 (Lib.
991 1402 1059 1454 II.
1100 1419 1210 1472 cap.
1250 1403 1332 1470 6):
1379 1402 1548 1470 „Nam
1586 1405 1681 1472 qui
1701 1403 1874 1456 fertur
1893 1409 1944 1456 et
1963 1408 2222 1473 raptatur,

342 1513 502 1576 atque
540 1509 646 1560 huo
685 1512 846 1576 atque
885 1508 1015 1560 illue
1057 1509 1385 1576 distrahitur,
1425 1510 1471 1562 is
1510 1510 1692 1562 vernari
1730 1510 1939 1578 proprie
1960 1508 2223 1576 dieitur'’;

347 1613 487 1665 unde
540 1618 683 1682 patet
723 1629 862 1681 eum,
906 1615 999 1682 qui
1040 1630 1228 1666 revera
1271 1618 1497 1666 vexatur
1535 1631 1644 1666 non
1687 1614 2090 1667 breviusculum
2131 1615 2225 1667 ali-

343 1718 490 1770 buod
559 1723 788 1788 tempuS,
855 1720 948 1771 sed
1006 1720 1165 1788 paulo
1223 1720 1426 1772 diutius
1485 1735 1578 1789 per
1636 1719 1850 1772 turbam
1907 1719 2220 1789 impeditum

345 1823 526 1876 fuisse.
2180 1823 2186 1827 ’

422 1928 775 1981 Conferantur
826 1933 1097 1999 praeterea
1150 1929 1402 1982 Claudiae
1453 1930 1697 1999 improba
1737 1929 1898 1983 verba
1938 1931 1994 1982 in
2034 1930 2227 1999 lepida,

347 2035 489 2103 apud
542 2035 770 2087 eundem
825 2035 1076 2103 Gellium,
1131 2037 1448 2104 narratione,
1488 2035 1618 2103 (Lib.
1662 2034 1731 2087 X.
1774 2052 1883 2105 cap.
1926 2035 1976 2103 6)
2019 2035 2113 2088 ubi
2154 2037 2231 2088 sic

349 2140 535 2192 ultima
577 2140 738 2193 verba
779 2141 1037 2210 legimus:
1086 2140 1222 2208 „Sed
1262 2143 1486 2210 utinam,
1517 2143 1710 2211 inquit,
1745 2143 2029 2196 reviviscat
2050 2142 2231 2210 frater,

351 2245 618 2315 aliamque
671 2246 894 2299 classem
946 2248 1002 2298 in
1061 2246 1294 2299 Siciliam
1355 2247 1530 2315 ducat,
1586 2253 1747 2316 atque
1798 2248 1954 2300 istam
1994 2247 2230 2300 multitu·

353 2351 530 2404 dinem
592 2352 858 2420 perditum
918 2357 1016 2421 eat,
1076 2368 1214 2421 quae
1271 2369 1357 2405 me
1414 2353 1550 2405 male
1607 2369 1753 2405 nuno
1813 2354 2058 2405 miseram
2111 2368 2230 2405 con-

347 2456 617 2509 vexavit!''

427 2563 490 2615 Id
529 2567 707 2615 autem
750 2563 814 2615 de
852 2562 1104 2631 Augusto
1143 2563 1304 2615 tradit
1343 2561 1658 2615 Suetonius:
1700 2561 1822 2614 Non
1863 2562 1962 2614 hoc
2002 2562 2086 2614 die
2125 2562 2227 2631 pri·

358 2687 506 2723 mum
545 2671 603 2721 in
643 2669 799 2722 turba
840 2673 1068 2721 vexatus
1109 2674 1216 2735 est3
1261 2669 1492 2737 minime,
1531 2668 1821 2720 verisimile
1860 2673 1940 2720 est
1977 2667 2033 2719 id
2054 2668 2227 2721 eiiam

358 2777 571 2845 saepius
623 2775 895 2843 accidisse,
948 2776 1040 2827 sed
1091 2775 1310 2844 grandis
1360 2777 1466 2826 iam
1509 2779 1640 2826 natu
1683 2774 1951 2842 quondam
1993 2777 2102 2826 tam
2137 2772 2234 2825 diu

358 2886 585 2934 vexatus
624 2886 703 2934 est
744 2885 802 2933 ut
841 2881 1053 2933 tandem
1095 2897 1216 2933 eum
1258 2881 1421 2932 huius
1462 2881 1539 2932 rei
1578 2884 1880 2948 pertaesum
1922 2880 2006 2946 sit,
2041 2895 2147 2947 qua
2167 2878 2232 2931 de

359 3004 521 3041 eausa
562 2988 793 3040 decrevit
831 3003 939 3038 non
979 2986 1209 3055 amplius
1248 2985 1585 3054 frequentare
1626 2985 1738 3037 dies
1771 2983 2234 3037 sollemnesAuo-

359 3098 527 3146 torem
569 3109 695 3162 ergo
737 3094 1014 3161 scripsisse
1054 3095 1212 3160 puto:
1252 3091 1312 3143 in
1349 3091 1509 3143 turba
1548 3089 1808 3159 quondam
1846 3088 2233 3158 sponsaliorum

359 3200 456 3252 diu
490 3202 720 3252 vexatus

666 3406 791 3472 Cap.
836 3408 918 3459 54.
964 3406 1230 3459 Antistius
1269 3405 1439 3458 Labeo
1479 3403 1702 3459 Senatus
1741 3403 1961 3468 lectione,
1999 3420 2115 3455 oum
2153 3404 2236 3456 vir

736 3514 910 3565 virum
967 3512 1164 3581 leyeret,
1215 3511 1294 3563 M.
1347 3510 1604 3576 Lepidum
1656 3510 1842 3562 hostem
1880 3509 2000 3562 olim
2038 3509 2149 3561 eius
2186 3512 2234 3561 et
