2462 4186
1286 444 1353 494 18

680 619 801 683 Cap.
843 619 928 668 44.
969 617 1111 669 Nam
1145 617 1206 669 de
1237 618 1483 669 ornanda
1520 619 1933 688 instruendaque
1964 620 2104 690 urbe,
2137 622 2256 673 item

747 723 809 775 de
848 722 1040 774 tuendo
1081 722 1483 791 ampliandoque
1521 724 1737 788 imperio
1759 724 1925 792 plura
1958 743 2019 776 ae
2049 727 2254 778 maiora

744 829 804 879 in
844 828 952 880 dies
991 826 1297 879 destinabat.

443 1024 530 1077 Sic
585 1025 814 1092 legimus
864 1025 919 1075 in
975 1024 1206 1076 editione
1256 1024 1550 1090 Rothiana3
1606 1023 1971 1092 CasaubonuS‚
2013 1024 2252 1093 Orusius‚

371 1132 719 1183 Burmannus
767 1136 949 1182 contra
990 1131 1273 1183 ediderunt
1311 1131 1434 1184 iam.
1478 1129 1697 1182 Codices
1737 1131 1818 1182 vel
1861 1137 2042 1183 carent
2080 1133 2252 1200 prima

368 1239 558 1303 littera,
619 1237 699 1287 vel
760 1235 1016 1288 exhibent
1071 1252 1209 1303 nam,
1270 1236 1414 1304 quod
1473 1235 1780 1304 praeferunt
1821 1235 2250 1306 Oudendorpius‚

367 1342 671 1409 ErnestiuS‚
705 1340 952 1394 Wolfius.
994 1342 1243 1392 Attamen
1288 1346 1430 1393 recte
1468 1342 1571 1392 iam
1615 1342 1824 1393 monuit
1864 1340 2087 1394 Crusius
2122 1358 2249 1395 nam

369 1448 474 1499 dici
531 1463 637 1498 non
699 1462 854 1515 posse
912 1448 967 1497 in
1026 1447 1273 1513 transitu,
1330 1447 1470 1498 sicut
1526 1445 1585 1497 fit
1643 1446 1759 1497 loco
1813 1453 2010 1513 nostro3
2060 1448 2124 1499 ad
2167 1465 2250 1500 ar-

365 1555 684 1620 gumentum
739 1567 960 1620 prorsus
1013 1551 1303 1603 diversum.
1361 1551 1664 1603 Adhibetur
1716 1552 1929 1620 quidem
1973 1568 2146 1622 saepe,
2189 1558 2249 1605 ut

369 1659 676 1709 coniunctio
732 1657 932 1709 Graeca
984 1655 1079 1721 γάρ
1131 1659 1185 1708 in
1229 1658 1578 1725 responsione
1617 1657 1701 1708 vel
1742 1656 2116 1725 disputatione,
2155 1658 2247 1710 sed

366 1780 664 1832 numquam
716 1765 772 1815 in
826 1765 1144 1830 narratione,
1199 1779 1336 1831 quae
1383 1779 1504 1814 cum
1548 1762 1987 1830 praecedentibus
2029 1763 2248 1814 minime

366 1869 622 1920 cohaeret.
673 1867 903 1920 Prorsus
956 1869 1096 1920 enim
1152 1868 1360 1920 diversa
1405 1872 1595 1919 tractat
1635 1865 1925 1918 Suetonius
1966 1869 2136 1935 capite
2174 1869 2245 1919 43

365 1979 525 2042 atque
585 1990 695 2042 cap.
754 1975 839 2024 44.
898 1972 1247 2025 Desideratur
1305 1989 1429 2041 ergo
1490 1971 1810 2024 vocabulum
1871 1973 2087 2041 aliquod
2140 1975 2246 2042 sig-

365 2080 589 2132 nificans
639 2084 931 2148 praeterea,
989 2079 1188 2146 deinde,
1234 2095 1408 2146 porro,
1461 2079 1603 2147 quod
1642 2078 1892 2129 facillime
1930 2094 1959 2130 e
1998 2079 2241 2131 codicum

360 2186 587 2238 lectione
646 2190 896 2254 corrupta
953 2185 1163 2237 restitui
1223 2189 1407 2253 potest.
1467 2183 1692 2252 Scripsit
1748 2185 2003 2236 nimirum
2057 2188 2246 2235 auctor

366 2291 533 2342 etiam.
568 2290 771 2343 Ultima
806 2290 1176 2342 tantummodo
1212 2290 1376 2342 huius
1411 2289 1655 2341 vocabuli
1690 2306 1813 2357 pars
1847 2294 2068 2341 aetatem
2106 2290 2244 2356 tulit,

296 2415 302 2420 ·
360 2402 413 2448 at
460 2397 732 2449 levissima
773 2398 1065 2448 mutatione
1103 2397 1158 2447 in
1200 2397 1468 2464 integrum
1511 2395 1899 2447 restituendum
1941 2399 2033 2447 est.
2075 2394 2240 2447 Voca-

359 2502 546 2554 bulum
588 2503 746 2554 etiam
787 2503 872 2553 hic
912 2501 1214 2570 significare
1252 2500 1434 2553 debet:
1477 2500 1625 2567 Quod
1645 2500 1774 2568 plus
1805 2505 1894 2567 est,
1928 2499 2004 2551 Et
2023 2499 2242 2569 quidem,

357 2625 479 2660 nam
541 2609 586 2660 si
643 2612 783 2660 recte
840 2608 1192 2677 intelligimus
1251 2609 1425 2660 varias
1483 2624 1568 2660 res
1621 2625 1651 2659 a
1690 2607 1946 2660 Suetonio
1987 2611 2244 2674 narrataS,

358 2714 606 2766 videmus
646 2719 805 2782 caput
844 2715 915 2765 43
957 2715 1229 2766 continere
1267 2714 1405 2766 facta
1442 2718 1494 2766 et
1533 2713 1758 2765 consilia
1799 2712 2042 2766 Caesaris
2073 2714 2240 2764 mino-

283 2831 285 2833 ’
357 2822 430 2872 ris
490 2821 760 2872 momenti.
822 2819 1004 2888 Capite
1055 2821 1127 2870 44
1178 2821 1370 2872 transit
1421 2825 1608 2872 auctor
1647 2820 1712 2871 ad
1752 2835 1837 2872 res
1877 2819 2093 2871 maioris
2131 2833 2239 2869 mo·
2308 2798 2309 2802 Ἰ

359 2926 550 2977 menti:
594 2939 751 2993 opera
792 2925 1008 2993 publica
1049 2930 1210 2994 atque
1248 2926 1443 2992 omnia,
1485 2941 1622 2993 quae
1662 2925 1930 2993 pertinent
1969 2923 2034 2974 ad
2074 2923 2240 2974 totius

357 3030 565 3098 imperii
618 3030 859 3081 salutem.
915 3028 1086 3098 Caput
1139 3045 1264 3097 ergo
1312 3031 1384 3079 44
1423 3028 1703 3080 habendus
1744 3033 1825 3080 est
1864 3027 2059 3079 climax
2099 3027 2239 3095 capi-

356 3134 424 3185 tis
466 3134 844 3201 praecedentiS‚
885 3151 992 3202 qua
1033 3134 1098 3186 de
1137 3151 1299 3186 causa
1338 3135 1646 3186 coniunctio
1686 3133 1841 3185 etiam
1882 3137 2002 3201 apte
2042 3133 2240 3200 scripta

354 3237 530 3289 fuerit.

662 3453 787 3519 Cap.
828 3456 913 3506 49.
956 3454 1252 3507 Pudicitiae
1293 3456 1402 3507 eius
1440 3455 1645 3522 famam
1678 3454 1813 3507 nihil
1842 3453 2050 3523 quidem
2079 3468 2236 3521 prae-

730 3563 806 3609 ter
859 3557 1157 3610 Nicomedis
1211 3558 1605 3611 contubernium
1659 3559 1821 3624 laesit,
1869 3557 2024 3625 yravi
2064 3560 2237 3607 tamen
