2462 4186
1176 473 1244 526 67

275 647 453 700 dicum
503 663 743 715 numere,
793 662 975 700 veram
1027 648 1259 700 servavit
1310 647 1604 700 lectionem.
1656 646 1842 714 Reyios
1882 646 2142 700 emblema

272 751 379 803 olet
417 755 469 804 et
508 753 624 804 sine
668 750 829 804 dubio
869 751 1150 804 delendum
1189 755 1283 804 est.

345 854 530 922 Reyios
567 856 707 908 enim
749 855 1011 924 appellare
1050 854 1289 907 solebant
1327 854 1555 907 Romani
1588 870 1774 907 omnes
1796 856 2137 907 remotiorum

273 964 573 1029 temporum
617 976 880 1027 nummOS,
920 961 1032 1012 sive
1071 959 1254 1012 Servio
1293 959 1483 1026 Tullio,
1523 958 1878 1027 Tarquiniove
1915 974 2140 1026 regnan-

273 1065 418 1117 tibus
469 1066 719 1134 signatOS,
770 1066 883 1117 sive
934 1064 1034 1117 sub
1075 1063 1390 1116 consulibus
1429 1063 1607 1115 factos.
1651 1062 1805 1124 Quod
1848 1078 1954 1116 non
1994 1064 2143 1131 igno-

273 1174 386 1221 tum
445 1169 549 1221 fuit
597 1169 877 1237 glossatori
918 1168 1146 1236 cuidam,
1189 1168 1283 1236 qui
1322 1167 1519 1219 idcirco
1559 1166 1919 1219 definitionem
1960 1181 2143 1235 super-

274 1289 495 1326 vacuam
553 1272 812 1325 vocabulo
858 1276 1051 1324 veteres
1099 1272 1491 1340 suprascripsit.
1543 1269 1662 1322 Hoc
1702 1285 1916 1338 quoque
1954 1285 2142 1338 rogare

274 1377 461 1430 velim:
523 1376 680 1429 Unde
737 1377 1036 1444 Augustus,
1094 1376 1303 1444 quoties
1358 1390 1581 1426 munera
1631 1373 1867 1425 dividere
1918 1372 2144 1440 volebat,

275 1485 380 1534 tam
437 1481 633 1533 multos
684 1481 1086 1548 antiquissimos
1131 1483 1184 1531 et
1222 1478 1408 1547 procul
1449 1477 1609 1530 dubio
1649 1478 1950 1529 rarissimos
1990 1493 2146 1528 num-

275 1602 390 1639 mos
446 1601 632 1655 capere
689 1585 932 1654 poterat?
990 1584 1099 1635 Vix
1157 1583 1301 1636 credi
1358 1587 1529 1651 potest
1587 1586 1755 1634 aetate
1806 1583 2145 1650 imperatoria
2238 1584 2242 1587 ’

275 1691 450 1743 adhuc
505 1691 775 1744 exstitisse
833 1693 939 1742 tam
992 1690 1260 1757 ingentem
1314 1703 1438 1740 vere
1490 1688 1756 1756 regiorum
1799 1702 2140 1738 nummorum

277 1796 689 1849 multitudinem.
748 1793 950 1856 Quodsi
1008 1793 1256 1845 nonnulli
1315 1793 1614 1845 conservati
1666 1795 1859 1858 essent,
1911 1795 2143 1843 tantum-

276 1901 431 1953 modo
483 1903 747 1953 vetustate
794 1901 852 1968 ii,
895 1915 1003 1950 non
1041 1900 1209 1967 pretio
1248 1897 1563 1951 aestimandi
1603 1900 1766 1956 erant,
1806 1901 1966 1965 atque
2005 1897 2144 1948 eius-

276 2006 418 2058 modi
486 2006 694 2057 nummi
763 2005 879 2056 loco
937 2004 1126 2056 mercis
1183 2003 1452 2054 interdum
1516 2001 1785 2068 venibant,
1843 2005 1903 2052 ut
1962 2005 2145 2052 nostra

277 2125 494 2179 quoque
552 2113 720 2162 aetate
776 2109 1102 2161 numismata
1161 2111 1383 2160 vetusta.
1441 2105 1578 2171 (Qua
1628 2107 1693 2159 de
1744 2122 1801 2158 re
1840 2106 2144 2158 conferatur

277 2214 558 2284 Ulpianus,
596 2213 708 2266 Lib.
747 2214 844 2266 IX.
885 2214 972 2265 Ad
1009 2214 1178 2282 legem
1220 2211 1516 2264 Corneliam
1560 2212 1624 2264 de
1663 2211 1826 2278 falsis,
1865 2215 1917 2262 et
1948 2211 2139 2262 titulus

276 2318 357 2372 De
396 2320 589 2372 veteris
627 2319 964 2371 numismatis
1004 2321 1274 2387 potestate.
1317 2316 1440 2368 Cod.
1478 2316 1514 2368 J
1520 2317 1678 2368 ustin.
1721 2315 1832 2367 Lib.
1874 2315 1960 2381 ΙΙ.)

351 2423 431 2476 De
469 2424 847 2477 vetustissimis
887 2423 1121 2474 nummis
1159 2422 1452 2474 rectissime
1492 2424 1670 2472 monet
1708 2421 1762 2471 in
1805 2420 2145 2471 annotatione

278 2545 376 2581 sua
415 2529 480 2580 ad
519 2528 696 2580 locum
736 2531 978 2579 nostrum
1021 2526 1085 2578 V.
1126 2524 1216 2578 Ds.
1251 2524 1721 2593 Shuckburghius:
1762 2523 1847 2591 „If
1873 2540 1979 2590 any
2016 2524 2147 2575 such

278 2634 483 2687 existed
540 2635 598 2685 in
655 2634 745 2686 the
795 2634 923 2685 time
976 2631 1034 2684 of
1065 2632 1364 2700 AugustuS,
1401 2630 1528 2696 they
1567 2629 1744 2681 would
1784 2628 1849 2682 be
1886 2628 2148 2681 reckoned

281 2755 339 2791 as
395 2738 685 2807 belonging
735 2743 788 2790 to
828 2738 918 2790 the
956 2737 1105 2804 royal
1145 2735 1389 2805 period'’;
1435 2735 1580 2787 unde
1619 2738 1835 2803 apparet
1875 2749 1958 2786 me
1995 2734 2147 2785 illum

282 2859 499 2912 quoque
555 2843 893 2911 interpretem
951 2843 1007 2892 in
1069 2841 1380 2909 quaestione
1445 2838 1510 2890 de
1546 2837 1792 2889 vocabuli
1830 2838 2005 2904 reyius
2049 2854 2150 2889 usu

283 2947 593 3015 quotidiano
649 2947 1030 2998 adsentientem
1084 2944 1291 2996 habere.
1334 2942 1414 2994 Ob
1454 2942 1587 2994 duas
1626 2958 1750 3010 ergo
1789 2941 1908 2994 illas
1947 2958 2157 3008 causaS,

283 3051 432 3103 verbi
487 3051 604 3103 dico
656 3067 816 3103 usum
869 3054 921 3103 et
960 3065 1303 3101 nummorum
1344 3048 1628 3114 raritatem,
1667 3063 1763 3115 pro
1803 3051 1944 3099 certo
1986 3046 2152 3099 habeo

289 3154 608 3207 vocabulum
647 3154 813 3222 reqios
851 3153 1111 3206 emblema
1150 3167 1278 3204 esse.
1317 3150 1572 3204 Deleatur
1609 3166 1747 3219 erge.

585 3346 708 3418 Gap.
771 3347 855 3399 76.
895 3344 1276 3400 Secundarium
1312 3361 1505 3410 panem
1543 3348 1591 3397 et
1625 3342 1899 3413 pisciculos
1935 3343 2157 3395 minutos

651 3455 701 3503 et
739 3467 940 3503 caseum
979 3450 1221 3502 bubulum
1260 3465 1423 3501 manu
1454 3464 1696 3517 pressum
1734 3451 1782 3499 et
1812 3446 1933 3505 ficos
1964 3446 2158 3498 virides

654 3555 853 3623 biferas
904 3554 1128 3606 maoee‘me
1178 3552 1442 3621 appetebat
1456 3569 1473 3616 ,·
1523 3551 1913 3619 vescebaturque
1951 3556 1998 3602 et
2035 3554 2161 3603 ante
