2462 4186
1261 377 1331 429 38

352 554 616 606 ficiendus
667 551 785 605 sit.''
839 552 1002 605 Recte
1054 553 1332 604 annotavit
1379 552 1444 604 ad
1483 552 1612 605 haec
1653 551 1816 604 verba
1855 551 2239 604 Burmannus:

355 658 639 727 „Captivos
692 658 765 709 ita
819 661 1044 709 tractare
1088 672 1201 708 mos
1241 655 1359 717 fuit,
1400 657 1711 725 praesertim
1756 656 2110 709 Poenorum.'’
2150 656 2238 710 Sic

352 766 533 814 narrat
584 762 649 814 de
698 760 1004 813 Hannibale
1048 760 1172 812 ·Val.
1224 759 1495 813 Maximus
1536 759 1668 828 (Lib.
1707 759 1806 812 IX.
1845 777 1886 813 c.
1931 763 2010 828 2):
2057 760 2241 828 „Quos

279 925 284 932 ⁴
350 882 475 918 vero
528 867 585 917 in
633 869 804 917 castra
844 865 1184 934 perduxerat,
1223 866 1372 934 paria
1410 865 1520 918 fere
1556 865 1782 917 fratrum
1823 870 1875 918 et
1913 868 2237 936 propinquo-

349 988 470 1022 rum
526 972 777 1038 iungens,
828 969 967 1022 ferro
1007 970 1291 1022 decernere
1328 969 1613 1038 cogebat;''
1655 987 1818 1038 quam
1861 972 2236 1024 narratiuncu-

354 1077 460 1128 lam
516 1077 672 1128 etiam
733 1075 874 1143 apud
933 1074 1146 1126 Livium
1207 1075 1532 1142 invenimus,
1590 1074 1727 1126 libro
1787 1074 1946 1145 XXI,
1993 1093 2103 1146 cap.
2150 1079 2239 1130 42.

354 1182 635 1250 Appianus
677 1196 894 1248 quoque
934 1181 1096 1232 huius
1136 1181 1213 1233 rei
1256 1181 1580 1232 mentionem
1617 1180 1770 1247 facit3
1806 1180 2066 1249 Equatios
2086 1187 2242 1235 vocat

352 1290 555 1355 patrem
597 1301 658 1336 ac
695 1285 884 1352 filium,
924 1289 977 1337 et
1016 1286 1222 1337 mutuis
1264 1284 1580 1337 vulneribus
1621 1301 1711 1338 eos
1751 1286 2007 1340 cecidisse
2041 1287 2240 1356 scribit,

353 1390 497 1443 unde
554 1390 674 1442 luce
733 1389 930 1441 clarius
990 1394 1205 1457 apparet
1256 1405 1379 1441 eum
1421 1406 1639 1458 quoque
1679 1390 1914 1444 audiisse
1953 1396 2004 1445 et
2044 1392 2240 1461 legisse

354 1499 555 1564 patrem
598 1511 660 1546 ac
695 1494 868 1546 filium
909 1493 1247 1562 dimicavisse,
1289 1510 1399 1546 non
1439 1493 1717 1546 micavisse.

428 1599 533 1652 Sed
573 1601 732 1652 etiam
771 1600 986 1668 gravior
1025 1604 1188 1651 restat
1227 1615 1405 1668 causa,
1444 1615 1542 1651 cur
1580 1599 1737 1652 lectio
1776 1599 1966 1652 micare
2004 1599 2242 1652 tollenda

354 1704 486 1755 mihi
527 1703 784 1756 videatur.
824 1701 978 1755 Duae
1017 1719 1102 1756 res
1143 1703 1345 1755 similes
1386 1703 1530 1772 apud
1552 1702 1870 1756 Suetonium
1893 1720 2101 1773 semper
2120 1705 2244 1756 iun-

352 1814 556 1879 guntur
610 1811 989 1862 coniunctione
1041 1810 1159 1873 sive,
1199 1826 1501 1878 numquam
1543 1811 1920 1863 coniunctione
1955 1810 2059 1876 vel3
2105 1812 2245 1863 inter

362 1931 419 1968 se
464 1915 766 1968 differentes
805 1931 891 1968 res
931 1920 1116 1967 contra
1155 1931 1365 1984 semper
1405 1919 1456 1968 et
1497 1916 1614 1967 sine
1655 1915 1763 1967 ulla
1801 1917 2115 1984 exceptione
2153 1916 2244 1968 ha-

363 2019 490 2072 bent
535 2020 778 2088 copulam
817 2019 909 2087 vel,
949 2036 1247 2088 numquam
1286 2020 1403 2072 sive.
1444 2019 1640 2072 Nostro
1681 2025 1861 2072 autem
1898 2020 2015 2072 loco
2054 2019 2245 2088 copula

361 2125 440 2178 vel
477 2129 704 2178 testatur
743 2129 1013 2178 auctorem
1055 2126 1264 2178 dedisse
1305 2125 1438 2178 duas
1478 2142 1578 2194 ree,
1616 2142 1837 2194 prorsus
1875 2126 2016 2178 inter
2048 2141 2105 2178 se
2139 2126 2245 2178 dis-

363 2235 551 2295 tanteS,
608 2235 669 2283 ut
725 2246 910 2283 revera
968 2235 1117 2299 pater
1174 2235 1224 2283 et
1283 2230 1427 2283 filius
1479 2232 1748 2300 optionem
1802 2230 1975 2283 facere
2012 2235 2247 2300 possent,

366 2351 504 2404 quae
543 2337 683 2388 inter
720 2335 1039 2388 sortitionem
1078 2340 1129 2389 et
1168 2336 1492 2388 micatiouem
1531 2335 1647 2388 fieri
1686 2352 1795 2388 non
1836 2339 2022 2404 potest.

435 2441 578 2511 Ergo
629 2446 814 2494 contra
868 2458 1052 2495 omnes
1107 2442 1289 2494 doctos
1340 2443 1672 2510 interpreteS,
1726 2442 1819 2510 qui
1864 2456 2081 2510 pravam
2121 2441 2246 2492 reti-

364 2551 601 2599 nuerunt
653 2547 738 2599 vel
781 2548 1136 2600 restituerunt
1174 2547 1474 2615 lectionem,
1514 2547 1688 2599 adhuc
1727 2562 1918 2599 censeo
1958 2545 2242 2615 legendum

368 2671 511 2709 esse:
549 2658 756 2720 patrem
795 2659 841 2707 et
877 2653 1061 2722 silium,
1090 2671 1196 2723 pro
1233 2655 1342 2706 vita
1380 2653 1627 2722 royautis,
1666 2652 1846 2705 sortiri
1882 2651 1959 2704 vel
1997 2651 2247 2704 dimicare

367 2761 594 2815 iussisse.

673 2979 797 3047 Cap.
856 2977 939 3029 16.
990 2976 1223 3032 Siculum
1275 2977 1460 3030 bellum
1511 2976 1770 3030 inchoavit
1819 2977 1876 3029 iu
1904 2977 2117 3046 primi3‚
2159 2976 2250 3029 sed

742 3084 834 3136 diu
872 3084 1040 3136 tramit
1080 3083 1435 3135 intermissum
1474 3082 1696 3148 saepius,
1737 3083 1884 3136 modo
1921 3083 2247 3148 reparanda-

741 3205 863 3241 rum
913 3188 1158 3240 classium
1207 3205 1381 3250 causa,
1433 3204 1565 3254 quas
1616 3188 2001 3254 tempestatibus
2052 3188 2251 3258 duplici

742 3294 1035 3363 naufrayio
1073 3298 1121 3346 et
1158 3293 1364 3363 quidem
1389 3310 1489 3362 per
1523 3297 1769 3346 aestatem
1802 3293 2053 3347 amiserat
2071 3312 2113 3347 e.
2136 3312 2185 3364 q.
2207 3311 2246 3346 s.

448 3490 725 3543 Vocabula
775 3490 975 3557 duplici
1013 3491 1299 3560 naufragio
1339 3496 1587 3560 suspecta
1629 3491 1756 3543 mihi
1797 3491 2048 3543 videntur
2087 3494 2248 3559 atque
