2462 4186
1275 441 1342 492 70

364 627 549 664 revera
599 613 875 665 ianitorem
929 613 1116 666 reddit.
1155 613 1340 667 Totam
1380 616 1637 685 principis
1679 617 1941 670 actionem
1985 618 2245 684 symboli-

364 732 480 768 cam
521 732 653 785 esse,
692 733 848 769 nemo
889 720 983 785 est,
1026 718 1119 786 qui
1159 733 1265 770 non
1303 718 1584 788 intelligat,
1615 737 1722 788 qua
1756 720 1821 773 de
1841 737 2003 774 causa
2025 722 2246 776 minime

364 837 500 889 opus
538 825 618 873 est
657 821 967 890 Augustum
1010 839 1180 875 unum
1221 824 1592 876 tantummodo
1633 824 2056 879 tintinnabulum
2099 827 2246 880 aedis

363 926 556 978 ianuae
612 926 841 996 affigere,
899 928 1039 979 sicut
1096 928 1322 981 fortasse
1381 929 1495 982 fieri
1537 929 1741 983 solebat
1780 932 1835 983 in
1874 930 2240 985 Romanorum

361 1031 557 1083 insulis
617 1035 668 1084 et
725 1032 783 1083 in
843 1048 1124 1101 procerum
1186 1034 1449 1088 domibus.
1508 1035 1755 1090 Fortasse
1812 1037 1947 1106 dico,
1998 1055 2123 1091 nam
2179 1038 2244 1092 de

362 1135 847 1189 tintinnabulorum
910 1153 1014 1190 usu
1074 1139 1388 1207 quotidiano
1447 1141 1587 1194 inter
1638 1157 1694 1194 se
1746 1158 1854 1194 non
1895 1144 2242 1196 consentiunt

364 1241 465 1292 viri
507 1240 662 1293 docti.
702 1239 806 1293 Dio
847 1240 1065 1294 Cassius
1105 1243 1263 1310 enim,
1295 1247 1356 1295 ut
1391 1260 1561 1296 unum
1595 1260 1665 1297 ex
1685 1246 2004 1314 antiquitate
2024 1247 2239 1300 afferam

363 1345 685 1414 exemplum,
723 1347 778 1397 in
822 1347 1018 1399 somnii
1057 1347 1294 1416 Augusti
1336 1350 1655 1418 narratione,
1694 1328 1881 1403 refert:
1929 1350 2000 1418 „oi
2030 1350 2127 1417 γὰρ
2147 1350 2242 1410 τὰς

363 1450 601 1510 συνοικίαις
642 1449 818 1517 νύκτωρ
857 1449 1199 1518 φυλάσσοντες
1238 1452 1660 1524 κωδωνοφορόυσιν,
1698 1452 1826 1516 ὅπως
1864 1456 2145 1521 σημαίνειν.
2167 1499 2208 1513 ..
2230 1499 2243 1514 .

363 1554 644 1608 δύνωνται.’“
698 1556 1009 1610 Secundum
1064 1574 1188 1610 eum
1228 1560 1395 1628 igitur
1434 1561 1857 1615 tintinnabulum
1901 1579 2009 1616 non
2048 1565 2244 1618 ianuae

363 1660 587 1714 affixum
646 1665 741 1730 est,
800 1661 895 1714 sed
946 1679 977 1714 a
1029 1663 1254 1716 ianitore
1304 1668 1562 1733 portatur,
1616 1670 1678 1718 ut
1729 1682 1791 1720 eo
1846 1668 2061 1737 signum
2118 1669 2243 1723 dare

363 1768 548 1836 possit.

442 1871 647 1925 Deinde
706 1873 834 1925 satis
886 1876 1093 1925 constat
1143 1873 1466 1927 vocabulum
1519 1873 1793 1943 fastiyium
1835 1893 2056 1945 prorsus
2095 1878 2242 1932 aliud

368 1979 498 2048 quid
539 1978 840 2048 significare
880 1995 1041 2048 quam
1075 1978 1260 2047 ianua,
1292 1995 1390 2033 nec
1413 1997 1652 2049 unquam
1674 1982 1729 2034 id
1749 1983 2051 2052 significare
2071 2001 2244 2054 posse.

367 2084 578 2147 Quibus
613 2085 944 2153 argumentis
977 2085 1130 2137 nisus
1165 2085 1485 2139 contendere
1518 2086 1689 2140 audeo
1724 2103 2022 2157 numquam
2058 2089 2246 2143 ultima

366 2190 495 2243 haec
551 2189 715 2242 verba
762 2207 793 2242 a
834 2188 1089 2243 Suetonio
1129 2191 1326 2260 scripta
1365 2207 1495 2244 esse.
1535 2191 1658 2245 Non
1698 2198 1827 2246 sunt
1866 2193 2111 2248 Suetonii
2150 2196 2245 2250 sed

365 2295 688 2364 glossatoris.
741 2295 946 2348 Auctor
998 2299 1180 2349 noster
1216 2298 1586 2350 tantummodo
1627 2300 1890 2352 narravit:
1938 2300 2245 2368 „Tintinna-

367 2401 510 2454 bulis
561 2401 708 2454 aedis
753 2400 1026 2470 fastigium
1073 2402 1307 2455 redimiit
1346 2403 1649 2472 Augustus,
1688 2409 1749 2457 ut
1788 2405 1994 2475 Iupiter
2031 2407 2243 2461 Tonans

366 2507 662 2577 Capitolino
714 2523 809 2576 pro
861 2507 1090 2560 ianitore
1130 2508 1406 2576 appositus
1446 2508 1768 2578 videretur”,
1805 2527 1866 2563 ac
1906 2511 2040 2563 nihil
2080 2512 2245 2565 aliud.

366 2613 556 2667 Lector
605 2612 881 2666 Romanus
921 2614 1098 2666 statim
1140 2614 1409 2667 intellexit
1448 2615 1579 2684 quid
1621 2615 1823 2669 vellent
1862 2620 1914 2669 et
1951 2616 2241 2686 Augustus

370 2723 421 2773 et
459 2719 766 2787 Suetonius,
803 2735 928 2771 nam
969 2718 1449 2773 tintinnabulorum
1493 2737 1642 2789 usus,
1682 2722 1931 2791 quisquis
1971 2721 2088 2791 fuit,
2127 2723 2246 2776 sine

371 2824 533 2878 dubio
574 2824 825 2878 omnibus
862 2824 1118 2878 Romanis
1153 2828 1313 2878 notus
1347 2829 1471 2879 erat.
1515 2825 1789 2880 Glossator
1810 2827 2028 2896 quidam
2049 2831 2243 2897 tamen,

372 2934 432 2983 ut
470 2930 708 2999 Augusti
746 2929 947 2983 factum
987 2931 1439 3000 interpretaretur,
1477 2930 1638 2985 verba
1678 2933 1836 2985 citata
1855 2933 2245 3002 suprascripsit,

373 3039 434 3087 ut
484 3035 772 3088 declararet
823 3037 900 3088 sic
941 3036 1084 3105 apud
1122 3035 1392 3089 Romanos
1431 3036 1548 3090 fieri
1587 3036 1804 3090 solitum
1847 3053 1991 3105 esse3
2034 3054 2140 3107 qua
2179 3037 2244 3092 de

371 3158 534 3194 causa
572 3157 763 3195 censeo
804 3156 866 3194 ea
903 3141 1129 3195 delenda
1169 3157 1300 3195 esse.

674 3347 799 3419 Cap.
853 3350 936 3401 94.
986 3349 1057 3401 In
1109 3347 1438 3416 Asclepiadis
1488 3349 1755 3403 Mendetis
1805 3350 2244 3420 Theoloyumenon

740 3452 891 3505 libris
946 3452 1068 3522 leyo,
1125 3452 1324 3522 Atiam,
1381 3469 1496 3505 cum
1551 3453 1624 3506 ad
1680 3453 1924 3507 sollemne
1980 3453 2244 3524 Apollinis

741 3573 948 3608 sacrum
1002 3556 1175 3609 media
1230 3561 1374 3610 nocte
1428 3557 1660 3622 venissel,
1714 3559 1886 3623 posita
1942 3559 2002 3611 in
2059 3559 2242 3626 templo
