2462 4186
628 660 751 724 Cap.
796 659 879 710 68.
923 657 1163 727 Denique
1199 675 1315 710 una
1353 662 1525 710 sextae
1567 656 1778 724 leqionis
1818 656 2013 724 cohow,
2050 673 2203 722 prae-

687 763 863 831 posita
916 762 1137 830 castello,
1179 768 1406 831 quatuor
1446 762 1676 827 Pompeii
1713 761 1935 829 leyiones
1967 777 2065 826 per
2105 761 2203 813 ali-

695 871 819 936 quot
869 867 1024 919 horas
1076 868 1340 932 sustinuit,
1379 884 1542 935 paene
1588 866 1750 918 omnis
1788 866 1988 932 confixa
2028 865 2200 917 multi-

697 970 876 1022 tudine
933 970 1192 1022 hostilium
1246 971 1576 1037 seminarum,
1617 986 1846 1039 quarum
1899 975 2101 1021 centum
2141 986 2204 1020 ac

695 1074 916 1141 triyinta
955 1075 1123 1127 millia
1160 1075 1307 1127 intra
1345 1074 1540 1127 vallum
1580 1078 1786 1140 reperta
1825 1079 1962 1126 sunt.

394 1290 556 1358 Apud
610 1290 910 1358 Caesarum,
951 1291 1081 1343 Bell.
1126 1290 1235 1343 Civ.
1280 1291 1373 1342 III.
1415 1308 1456 1343 c.
1500 1293 1588 1358 53,
1625 1292 1738 1367 ipse
1779 1291 2065 1359 imperator
2106 1291 2204 1342 hac

323 1396 387 1447 de
445 1411 502 1447 re
561 1402 766 1450 narrat:
825 1396 1006 1462 „milia
1045 1397 1358 1465 sagittarum
1399 1397 1609 1447 circiter
1649 1396 1880 1464 triginta,
1919 1396 1974 1446 in
2016 1396 2201 1447 castel-

321 1500 431 1551 lum
492 1501 744 1567 coniecta,
799 1499 1010 1553 Caesari
1063 1499 1592 1553 renumeraverunt.''
1630 1498 1831 1551 Tantus
1871 1499 1936 1551 de
1976 1515 2200 1552 numero

321 1606 598 1657 dissensus
657 1606 879 1657 mendae
936 1606 1295 1673 suspicionem
1356 1610 1495 1657 recte
1548 1603 1789 1672 praebuit
1846 1604 1975 1656 viris
2016 1604 2202 1672 doctiS,

323 1717 485 1778 atque
538 1710 656 1761 ideo
703 1710 972 1777 disputare
1011 1714 1302 1778 coeperunt
1342 1709 1406 1761 de
1445 1710 1759 1777 quaestione
1801 1713 1980 1760 utrum
2021 1708 2199 1777 legen·

321 1815 445 1866 dum
490 1821 628 1867 esset
667 1818 872 1866 eentum
911 1831 972 1866 ac
1010 1814 1235 1881 triyinta
1274 1831 1340 1866 an
1381 1814 1454 1866 ad
1491 1814 1724 1880 triqinta.
1763 1814 1874 1864 Alii
1910 1829 2034 1882 ergo
2071 1813 2199 1866 Cae·

320 1934 489 1970 sarem
542 1935 609 1970 ex
651 1918 922 1985 Suetoni0‚
962 1918 1052 1970 alii
1093 1918 1407 1970 Suetonium
1450 1934 1519 1970 ex
1561 1917 1783 1971 Caesare
1824 1918 2198 1986 corrigendum

320 2029 660 2076 censuerunt.
700 2023 942 2076 Suetonii
982 2024 1261 2076 lectionem
1295 2041 1511 2092 pravam
1545 2029 1873 2093 putaverunt
1895 2022 2200 2091 Oberlinus,

318 2129 614 2196 Ernestius,
669 2128 1096 2199 Oudendorpius‚
1152 2129 1406 2194 Wolfius3
1456 2130 1780 2182 contrarium
1830 2130 2030 2197 opinati
2071 2134 2198 2181 sunt

319 2234 566 2303 Ursinus,
620 2234 858 2298 Crusius,
896 2235 1141 2288 Rothius.
1183 2235 1352 2288 Valde
1395 2237 1557 2287 miror
1591 2234 1856 2302 Crusium,
1898 2236 2073 2286 virum
2116 2251 2197 2286 sa—

316 2356 498 2408 gacem
539 2346 591 2393 et
628 2342 1010 2409 peritissimum
1054 2342 1189 2392 hanc
1232 2341 1534 2393 defendisse
1573 2341 1873 2409 opinionem
1909 2346 1961 2392 et
1994 2340 2071 2391 sic
2105 2355 2196 2391 an-

317 2447 611 2498 notavisse:
661 2446 824 2513 „Mihi
866 2446 1110 2498 Suetonii
1151 2463 1409 2499 numerus
1452 2446 1775 2515 probabilior
1809 2446 2035 2513 videtur,
2070 2461 2193 2496 cum

316 2553 362 2604 is
422 2557 653 2621 quatuor
709 2552 1029 2621 legionibuS,
1088 2569 1271 2604 omnes
1325 2553 1596 2620 pharetras
1638 2556 1820 2603 contra
1860 2553 2194 2619 oppugnatos

316 2657 733 2709 exonerantibus
787 2658 955 2725 magis
1009 2656 1322 2725 congruat.”
1367 2657 1470 2709 Sed
1511 2656 1833 2725 quandoque
1876 2653 2196 2706 dormitabat

317 2760 493 2814 bonus
543 2761 826 2814 Homerus.
877 2761 1014 2813 Nam
1068 2778 1097 2813 a
1150 2777 1256 2830 quo
1297 2761 1422 2813 inde
1462 2765 1712 2829 tempore,
1753 2775 1969 2828 quaeSO‚
2007 2773 2192 2810 omnes

316 2867 595 2936 legionarii
647 2869 920 2936 pharetras
973 2869 1300 2936 sagittasque
1352 2882 1535 2919 secum
1580 2864 1862 2918 ferebant?
1903 2863 2073 2916 Nemo
2114 2867 2194 2916 est

317 2974 410 3040 qui
450 2974 657 3042 ignoret
698 2974 892 3026 milites
931 2972 1201 3025 Romanos
1236 2989 1341 3024 non
1379 2973 1587 3041 sagittis
1622 2971 1714 3024 sed
1749 2971 1871 3040 pilis
1891 2970 2193 3039 gladiisque

313 3079 637 3146 pugnavisse
696 3083 747 3131 et
804 3078 1171 3130 tantummodo
1229 3079 1369 3130 inter
1426 3077 1630 3133 auxilia
1682 3077 1850 3128 fuisse
1902 3075 2191 3127 nonnullas

312 3184 505 3251 copiaS‚
545 3199 681 3251 quae
721 3201 877 3236 arcus
917 3185 1244 3253 sagittasque
1285 3183 1553 3236 haberent.
1597 3182 1876 3236 Cretenses
1911 3199 1955 3236 e.
1975 3200 2023 3252 g.
2056 3182 2210 3245 celer

313 3287 527 3341 berrimi
579 3294 730 3340 erant
768 3290 1042 3357 sagittarii,
1085 3305 1314 3357 quorum
1357 3304 1615 3340 numerus
1658 3289 1711 3339 in
1756 3287 1996 3356 Pompeii
2035 3303 2189 3340 exer-

314 3395 420 3445 citu
458 3410 563 3445 non
598 3398 780 3446 tantus
815 3409 930 3446 esse
964 3395 1151 3463 potuit,
1181 3399 1239 3446 ut
1261 3394 1575 3462 sagittarum
1600 3408 1859 3445 numerus
1881 3391 2188 3444 a‘Suetonio

314 3498 503 3550 allatus
558 3498 859 3551 verisimilis
910 3497 1014 3549 fiat.
1067 3497 1193 3550 Sine
1241 3497 1404 3549 dubio
1445 3497 1599 3549 credo
1640 3496 1954 3549 Suetonium
1996 3495 2093 3546 hac
2132 3495 2188 3545 in
