2462 4186
1126 484 1185 532 ll

230 658 511 724 scriptores
568 657 756 707 aetatis
807 655 1061 708 Suetonii.
1109 655 1197 707 Sic
1236 656 1466 723 denique
1505 655 1819 723 explicanda
1861 659 1940 706 est
1979 671 2096 706 sen-

227 760 390 812 tentia
430 764 634 811 nostra:
677 757 735 820 Q.
777 758 971 811 Curius
1011 761 1217 827 primus
1258 760 1527 811 accusavit
1563 758 1835 811 Caesarem
1872 764 1923 810 et
1956 759 2096 826 apud

228 869 562 931 quaestorem
603 868 655 914 et
686 863 740 912 in
776 867 978 928 senatu,
1014 879 1120 930 qua
1152 863 1207 913 in
1243 878 1299 914 re
1337 879 1466 914 usus
1488 868 1568 914 est
1590 863 1910 914 testimoniis
1934 861 2099 913 Vettii

226 967 367 1035 apud
431 967 794 1034 magistratum
855 971 906 1017 et
958 965 1139 1017 tabula
1191 968 1247 1017 in
1291 983 1397 1034 qua
1438 967 1835 1018 coniuratorum
1878 967 2097 1017 nomina

226 1073 516 1139 perscripta
554 1076 717 1138 erant,
759 1087 918 1138 quam
961 1072 1010 1122 ei
1052 1070 1265 1122 Vettius
1309 1071 1538 1122 dederat.

528 1286 652 1352 Gap.
713 1288 793 1338 19.
844 1285 1087 1338 Eandem
1124 1285 1180 1338 ob
1222 1303 1435 1338 causam
1473 1304 1627 1352 opera
1668 1287 1729 1338 ab
1770 1287 2096 1352 optimatibus

579 1391 722 1470 *data
759 1396 847 1459 est,
888 1395 947 1442 ut
980 1389 1278 1455 provinciae
1317 1389 1521 1458 futuris
1557 1390 1853 1442 consulibus
1891 1390 2098 1441 minimi

595 1495 800 1563 neyotii,
839 1495 897 1546 id
932 1498 1009 1546 est
1045 1494 1205 1546 silvae
1243 1494 1509 1563 callesque,
1548 1494 1964 1548 decernerentur.

303 1691 595 1741 Annotavit
645 1690 710 1741 ad
763 1691 908 1742 hunc
958 1690 1133 1741 locum
1190 1689 1288 1741 Vir
1330 1688 1462 1741 Clar.
1502 1689 1867 1743 Halbertsma:
1916 1690 2096 1757 „Haec

227 1795 352 1846 ferri
404 1798 637 1863 possent,
673 1795 719 1846 si
756 1795 1014 1862 scriptum
1057 1794 1192 1846 foret
1226 1795 1524 1859 provinciae
1561 1795 1764 1862 futuris
1803 1795 2098 1847 consulibus

226 1896 385 1949 silvae
422 1897 690 1966 callesque,
724 1897 779 1949 id
811 1903 887 1950 est
918 1898 1124 1949 minimi
1156 1899 1359 1965 neyotii‚
1393 1898 1807 1966 decernerentur,
1842 1916 1963 1950 nam
2004 1915 2097 1951 ex-

227 2005 438 2073 plicatio
496 2004 712 2055 rarioris
748 2003 890 2081 'dicti
941 2004 1112 2071 sequi,
1153 2019 1260 2054 non
1301 2003 1613 2071 praecedere
1652 2003 1800 2055 solet.
1842 2002 1913 2054 Ut
1952 2019 2098 2054 nunc

229 2110 425 2176 scripta
485 2112 629 2178 sunt,
684 2107 845 2159 verba
902 2106 957 2158 id
1012 2112 1084 2158 est
1139 2107 1347 2158 minimi
1396 2107 1582 2174 neyotii
1633 2107 1776 2159 olent
1814 2108 2097 2175 glossema,

213 2213 372 2281 vquod
413 2228 441 2264 e
482 2189 690 2288 mrigine
732 2213 1037 2280 migraverit
1075 2213 1131 2262 in
1170 2210 1432 2263 textum.''
1471 2242 1544 2247 —
1588 2210 1756 2272 Quam
1798 2213 2092 2263 annotatio·

227 2333 349 2370 nem
409 2318 508 2368 viri
542 2294 681 2370 ¹Til-ar.
742 2333 824 2369 me
863 2333 968 2368 non
1010 2317 1164 2385 plane
1202 2316 1502 2384 intelligere
1542 2315 1789 2368 lubenter
1827 2315 2095 2368 confiteor.

226 2421 362 2474 Nam
427 2427 518 2488 „ut
569 2438 714 2474 nunc
765 2424 959 2490 scripta
1010 2427 1136 2474 sunt
1188 2422 1349 2474 verba
1400 2421 1456 2473 id
1506 2425 1582 2474 est
1617 2422 1820 2473 minimi
1856 2421 2096 2490 neyotii,''

226 2527 313 2593 ait,
354 2527 445 2578 sed
478 2527 551 2577 ita
592 2542 737 2577 nune
775 2542 883 2577 non
926 2527 1120 2594 scripta
1158 2531 1300 2579 sunt.
1346 2524 1626 2594 Legimus:
1665 2525 1961 2590 provinciae
2002 2526 2094 2577 mi-

225 2630 357 2682 nimi
393 2630 596 2698 neyotii,
638 2630 693 2682 id
728 2634 805 2682 est
841 2630 1000 2682 silvae
1037 2630 1304 2699 callesque.

300 2734 489 2787 Potius
547 2751 673 2803 ergo
725 2735 880 2787 credo
935 2735 1093 2787 verba
1131 2735 1189 2786 id
1224 2739 1297 2786 est
1334 2734 1495 2786 silvae
1532 2735 1784 2804 callesque
1825 2737 2097 2788 continere

227 2840 501 2907 emblema,
552 2858 582 2891 a
633 2841 925 2909 glossatore
977 2843 1398 2909 suprascriptum
1453 2841 1729 2893 vocabulis
1767 2841 1970 2892 minimi
2008 2858 2095 2893 ne-

222 2944 366 3012 qotii.
418 2943 753 3013 Quamquam
795 2961 1060 3013 perpauca
1100 2950 1346 2997 constant
1386 2946 1450 2997 de
1490 2946 1587 2997 hac
1625 2948 1900 3014 provincia
1940 2946 2095 2998 silva·

227 3065 346 3100 rum
384 3048 706 3118 calliumque,
746 3056 919 3102 tamen
963 3051 1248 3102 verisimile
1289 3055 1369 3102 est
1405 3051 1561 3103 talem
1605 3053 1892 3104 exstitisse.
1933 3052 2094 3119 Apud

168 3185 172 3188 >
225 3152 462 3205 Tacitum
521 3155 661 3205 enim
717 3155 877 3220 (Ann.
929 3153 984 3207 L.
1033 3154 1126 3206 IV.
1180 3171 1220 3206 c.
1277 3156 1365 3220 27)
1419 3156 1496 3207 sic
1548 3155 1805 3223 legimus:
1861 3160 1945 3221 „et
1984 3159 2096 3207 erat

226 3257 394 3309 isdem
473 3259 781 3326 regionibus
852 3258 1042 3311 Cutius
1106 3258 1292 3327 Lupus
1351 3264 1616 3328 quaestor,
1676 3261 1763 3311 cui
1822 3260 2095 3327 provincia

227 3367 403 3414 vetere
459 3378 527 3414 ex
588 3379 733 3415 more
784 3364 942 3416 calles
995 3364 1330 3432 evenerant,''
1387 3365 1528 3417 unde
1579 3369 1722 3432 patet
1769 3366 2095 3430 provinciam

224 3466 392 3518 fuisse
443 3483 623 3519 curam
678 3468 1012 3536 publicorum
1066 3470 1299 3521 saltuum
1354 3470 1690 3538 calliumque.
1731 3469 1877 3522 Haec
1916 3475 2093 3523 autem

227 3573 499 3639 provincia
548 3574 758 3641 proprie
811 3573 1117 3626 demandari
1162 3575 1363 3627 solebat
1402 3574 1788 3643 quaestoribus
1829 3577 1987 3629 Anne
2027 3592 2094 3629 ex
