2462 4186
1264 417 1336 467 42

359 609 479 645 rum
536 595 722 644 auctor
783 593 1059 645 mulierem
1119 595 1463 660 nominasset,
1522 609 1630 644 non
1673 593 1971 661 scripsisset
2011 600 2234 647 temere:

357 697 604 765 mulieriS,
656 701 928 765 tamquam
983 698 1046 749 de
1099 698 1320 750 muliere
1359 697 1573 749 infimae
1612 697 1935 750 conditionis
1975 703 2238 767 ageretur.

429 802 548 855 Hoc
600 804 776 871 ipsum
826 819 1022 855 nomen
1076 807 1169 871 est,
1212 804 1356 872 quo-d
1396 804 1719 872 quaerimus.
1760 802 1828 855 Et
1868 819 2010 856 unus
2050 805 2235 858 saltem

355 912 435 960 est
493 909 549 959 in
608 923 834 960 numero
881 908 1247 976 interpretum,
1291 909 1385 976 qui
1427 924 1604 960 veram
1651 907 1831 960 mendi
1868 912 2114 961 naturam
2157 911 2236 962 in-

356 1014 635 1080 tellexerit,
691 1012 808 1064 Nic.
868 1012 1154 1065 Heinsium
1211 1013 1342 1065 dico.
1402 1012 1456 1065 Is
1509 1012 1655 1065 solus
1696 1012 1830 1064 vidit
1866 1013 1921 1063 in
1964 1013 2239 1066 vocabulis

354 1118 590 1171 mulieris
638 1117 776 1170 servi
816 1118 980 1170 latere
1020 1134 1213 1170 nomen
1256 1119 1528 1187 proprium
1571 1117 1981 1170 nomenclatoris
2022 1118 2237 1170 domini.

354 1223 572 1276 Domini
611 1224 983 1276 tantummodo
1023 1239 1219 1275 nomen
1261 1223 1460 1275 bonum
1503 1222 1755 1291 praebere
1796 1238 2011 1275 sensum
2051 1227 2239 1292 potest.

426 1329 513 1380 Ex
569 1331 872 1382 coniectura
930 1345 1117 1381 verum
1180 1344 1370 1381 nomen
1432 1329 1711 1380 restituere
1770 1343 1878 1379 non
1932 1343 2237 1396 possumus

354 1433 574 1486 Latetne
631 1435 688 1484 in
748 1432 1006 1485 vocabulo
1059 1431 1292 1484 mulieris
1335 1432 1595 1484 Aemilii?
1636 1430 1807 1483 Nemo
1847 1432 1959 1483 scit.
2000 1430 2062 1482 In
2102 1431 2240 1484 servi
2303 1462 2306 1465 -

353 1538 526 1591 Servii
586 1538 669 1591 vel
723 1538 948 1590 Severi?
989 1537 1160 1590 Nemo
1202 1542 1298 1605 est,
1337 1539 1432 1605 qui
1471 1536 1792 1605 respondere
1831 1538 2012 1605 possit.
2050 1535 2236 1589 Nesci-

354 1660 475 1696 mus
535 1648 586 1695 et
643 1643 868 1695 fortasse
926 1659 1223 1711 numquam
1283 1642 1420 1694 illud
1476 1648 1673 1694 nomen
1733 1642 2089 1709 inveniemus,
2143 1642 2236 1694 sed

355 1748 515 1801 verba
553 1747 788 1801 mulieris
825 1748 962 1800 servi
1005 1752 1119 1800 orta
1159 1763 1275 1800 esse
1315 1763 1343 1799 e
1387 1748 1603 1799 nomine
1635 1747 1849 1816 proprio
1871 1751 2120 1816 corrupto
2142 1763 2237 1816 pro

355 1859 497 1906 certo
558 1853 821 1906 affirmare
877 1853 1061 1905 audeo,
1116 1851 1410 1905 Deleantur
1449 1868 1574 1921 ergo
1613 1852 1742 1904 haec
1784 1851 1959 1918 verba,
1999 1851 2235 1921 legatur:

354 1959 427 2011 ad
485 1964 766 2012 extremum
824 1958 1099 2024 Telephi..
1127 2000 1171 2011 ..
1234 1957 1646 2026 nomenclatoriS,
1700 1973 1875 2026 usque
1915 1957 1983 2009 ad
2022 1962 2235 2027 tempus

356 2082 462 2134 quo
504 2082 532 2118 e
572 2067 728 2118 novis
768 2065 1022 2133 fontibus,
1062 2065 1239 2117 adhuc
1272 2065 1574 2134 incognitiS,
1608 2079 1791 2116 verum
1817 2063 2235 2116 domininomen

354 2171 566 2224 tandem
611 2171 838 2224 effodere
876 2172 1183 2240 poterimus.

658 2326 783 2393 Cap.
835 2328 919 2379 21.
978 2327 1087 2380 Nee
1143 2326 1239 2379 ulli
1290 2326 1434 2394 yenti
1489 2326 1603 2378 sine
1654 2325 1808 2377 iustis
1847 2328 1894 2377 et
1930 2326 2238 2377 necessariis

724 2434 900 2485 causis
951 2433 1136 2486 bellum
1185 2432 1381 2501 intulit,
1435 2436 1741 2501 tantumque
1781 2430 1925 2500 afuit
1964 2449 2000 2483 a
2038 2431 2236 2497 eupidi-

725 2542 829 2591 tate
884 2555 1086 2608 quoquo
1137 2538 1283 2591 modo
1324 2537 1596 2606 imperium
1633 2536 1711 2589 vel
1748 2536 1978 2590 bellicam
2014 2536 2236 2604 yloriam

726 2644 969 2713 amendi,
1023 2647 1083 2695 ut
1139 2642 1472 2710 quorundam
1510 2642 1850 2695 barbarorum
1886 2642 2146 2711 principes
2183 2641 2238 2693 in

725 2749 850 2803 aede
905 2749 1110 2802 Martis
1168 2749 1361 2804 Ultoris
1399 2750 1581 2801 iurare
1617 2748 1829 2816 eoeyerit
1866 2764 2145 2801 mansuros
2184 2766 2238 2801 se

726 2854 782 2906 in
817 2854 921 2920 fide
958 2871 1022 2906 ae
1049 2871 1200 2923 pace,
1239 2871 1398 2923 quam
1432 2857 1678 2921 peterent,
1716 2870 1749 2905 α
1786 2852 2097 2922 quibusdam
2117 2870 2235 2906 vero

723 2975 909 3012 novum
960 2975 1125 3027 yemis
1181 2958 1427 3027 obsidum,
1485 2958 1728 3028 feminaS,
1783 2959 1982 3026 eoeiyere
2021 2963 2235 3028 tempta-

721 3066 870 3133 verit,
928 3065 1064 3135 quod
1122 3065 1379 3133 neyleyere
1437 3082 1645 3117 marum
1686 3065 1916 3133 piynera
1954 3064 2236 3128 sentiebat,·

723 3177 770 3224 et
807 3176 980 3223 tamen
1011 3174 1314 3236 potestatem
1353 3187 1551 3240 semper
1585 3170 1821 3224 omnibus
1841 3170 1980 3240 feeit,
2000 3172 2236 3240 quotiens

722 3275 909 3328 vellent
945 3275 1140 3328 obsides
1178 3275 1477 3341 reeipiendi.

426 3431 598 3484 Multa
667 3433 898 3501 legimus
961 3433 1017 3484 in
1078 3436 1323 3485 veterum
1381 3433 1731 3500 interpretum
1792 3429 2232 3484 annotationibus

354 3538 649 3605 spectantia
688 3537 753 3589 ad
795 3538 1160 3606 quaestionem
1205 3540 1384 3589 utrum
1425 3551 1609 3589 revera
1646 3537 1746 3588 hoc
1778 3552 1951 3605 genus
1985 3535 2231 3588 obsidum
