2462 4186
1167 404 1325 495 39¹

257 619 521 688 glossema
573 634 705 684 esse,
760 635 788 671 e
842 620 1082 687 margine
1119 620 1174 670 in
1216 622 1422 671 textum
1463 620 1776 672 translatum
1818 636 2134 689 persuasum

258 723 439 776 habeo.
513 722 819 774 Mirandum
880 739 984 775 non
1045 727 1125 775 est
1187 723 1535 792 glossatorem
1594 724 1952 792 adscripsisse,
2008 741 2131 777 nam

258 831 442 880 notum
502 831 581 880 est
641 831 1022 895 tempestatem,
1083 844 1189 895 qua
1247 842 1410 879 naves
1450 827 1678 895 perdidit
1717 828 1999 895 Augustus
2038 845 2132 897 per

259 932 482 985 biduum
536 933 802 984 saeviisse.
853 931 1010 983 Hanc
1062 931 1216 984 nobis
1256 947 1367 983 rem
1408 936 1627 984 narrant
1663 933 1944 1000 Appianus
1983 933 2131 999 (Bell.

259 1038 368 1099 Civ.
421 1037 532 1089 Lib.
588 1037 651 1088 V.
707 1038 777 1088 88
830 1040 991 1105 seqq.)
1044 1041 1095 1088 et
1134 1035 1236 1088 Dio
1279 1035 1493 1089 Cassius
1533 1035 1661 1102 (Lib.
1700 1036 1937 1088 XLVIII
1977 1055 2018 1089 c.
2059 1037 2132 1089 47

257 1146 435 1212 seqq),
497 1142 638 1194 unde
696 1146 911 1211 apparet
969 1142 1280 1210 Augustum
1339 1146 1391 1193 et
1445 1143 1620 1210 priore
1669 1147 1720 1194 et
1759 1145 2004 1211 sequenti
2045 1145 2129 1196 die

147 1272 150 1274 >
255 1251 458 1316 partem
513 1246 697 1298 classis
749 1247 1004 1298 amisisse.
1057 1245 1251 1297 Procul
1305 1244 1467 1297 dubio
1509 1246 1573 1298 de
1610 1246 1805 1315 duplici
1842 1248 2129 1317 uaufrayio

252 1352 403 1420 loqui
442 1351 616 1420 potuit
654 1350 917 1419 glossator
958 1357 1015 1402 ut
1056 1350 1250 1402 melius
1290 1350 1579 1418 explicaret
1610 1353 1765 1404 cuius
1799 1355 2128 1421 tempestatis

255 1456 452 1508 mentio
491 1454 641 1507 fieret
681 1454 745 1506 ab
786 1459 1015 1506 auctore.
1056 1453 1119 1505 In
1162 1456 1423 1507 sententia
1468 1459 1644 1508 tamen
1686 1461 1866 1509 nostra
1905 1473 2127 1525 prorsus

251 1560 526 1612 abundant
575 1558 835 1611 vocabula
887 1559 1060 1626 citata,
1102 1575 1224 1610 nam
1265 1574 1334 1610 ex
1374 1558 1709 1611 substantivo
1748 1561 2127 1626 tempestatibus

252 1666 381 1717 satis
449 1663 627 1716 lucide
696 1663 1048 1732 intelligimus
1116 1662 1454 1731 naufragium
1527 1679 1744 1716 causam
1806 1664 1975 1717 fuisse
2032 1682 2129 1717 cur

252 1769 536 1837 Augustus
594 1768 817 1820 classem
870 1767 1173 1835 perdiderit,
1221 1783 1329 1818 non
1367 1768 1693 1835 incendium,
1732 1769 1992 1837 proelium
2036 1787 2128 1822 na-

252 1873 369 1924 vale
422 1872 506 1924 vel
557 1871 714 1923 aliam
767 1870 1148 1937 calamitatem3
1203 1886 1271 1923 ex
1312 1887 1534 1923 numero
1574 1887 1699 1923 vero
1739 1872 1962 1940 plurali:
2005 1878 2125 1926 tem-

244 1982 466 2043 pestates
515 1976 762 2051 videmus
813 1976 1096 2044 procellam
1150 1976 1313 2028 unius
1368 1975 1472 2027 diei
1512 1977 1790 2044 noctisque
1829 1980 2125 2032 excessisse

249 2083 520 2135 terminos.

323 2187 543 2240 Minime
594 2202 719 2256 ergo
771 2187 869 2239 hac
910 2188 1252 2239 annotatione
1290 2188 1347 2238 in
1388 2190 1539 2239 textu
1579 2203 1714 2255 opus
1754 2192 1877 2240 erat.
1918 2186 2125 2241 Deinde

250 2308 386 2361 quae
438 2297 768 2360 sequuntur:
822 2296 868 2343 et
920 2290 1123 2357 quidem
1171 2307 1266 2359 per
1302 2294 1546 2343 aestatem
1584 2292 1956 2361 coniungenda
1997 2298 2124 2346 sunt

249 2414 371 2449 cum
411 2395 830 2465 tempestatibus.
870 2394 1031 2448 Recte
1062 2395 1128 2447 ad
1163 2396 1291 2447 haec
1324 2399 1542 2447 annotat
1562 2394 1937 2449 Gasaubonus:
1967 2398 2120 2464 „Non

247 2502 364 2552 sine
422 2516 582 2552 causa
635 2503 797 2567 notat,
837 2516 962 2551 nam
1002 2515 1178 2568 neque
1217 2499 1351 2552 solet
1388 2498 1502 2551 fieri
1542 2501 1598 2551 in
1639 2500 1732 2552 illo
1774 2503 1907 2552 mari
1947 2506 1999 2554 et
2038 2518 2122 2554 ca-

245 2606 456 2658 lamitas
515 2605 752 2657 Caesaris
812 2603 1073 2657 eiusmodi
1131 2604 1248 2672 fuit,
1289 2610 1347 2657 ut
1386 2605 1719 2658 confessione
1759 2608 1999 2659 omnium
2043 2609 2122 2659 ira

248 2711 470 2764 deorum
523 2711 781 2763 adversus
830 2711 1023 2779 ipsum,
1073 2710 1254 2763 favore
1306 2711 1563 2764 adversus
1603 2711 1824 2764 Sextum
1865 2712 2121 2765 accidisse

249 2814 569 2869 videretur.’'

320 2920 618 2973 Interiectis
675 2924 854 2972 autem
891 2918 1068 2972 verbis
1108 2919 1306 2985 duplici
1342 2920 1629 2989 naufraqio
1669 2922 1809 2974 inter
1848 2925 2115 2988 tempesta-

248 3024 387 3077 tibus
427 3029 480 3077 et
518 3028 565 3076 et
602 3023 805 3093 quidem
846 3027 958 3091 etc.,
1001 3023 1242 3076 dubitare
1281 3040 1559 3093 possemus
1601 3030 1780 3078 utrum
1823 3033 1871 3079 et
1909 3028 2116 3097 quidem

247 3134 341 3183 etc.
393 3129 766 3198 coniungenda
819 3133 998 3181 essent
1049 3145 1170 3181 cum
1225 3129 1617 3198 tempestatibus,
1657 3148 1723 3183 an
1764 3147 1886 3184 cum
1923 3133 2119 3201 duplici

243 3234 544 3302 naufrayia
598 3233 719 3286 Duo
772 3234 901 3286 haec
952 3233 1211 3286 vocabula
1262 3234 1703 3303 significationem
1744 3238 2112 3305 sequentium:

241 3343 290 3392 et
340 3338 548 3405 quidem
598 3342 691 3391 etc.
746 3337 1036 3406 debilitant,
1088 3339 1251 3391 totius
1305 3341 1598 3393 sententiae
1645 3345 1959 3394 contextum
1999 3358 2113 3395 cor-

244 3445 519 3511 rumpunt.

323 3546 499 3599 Etiam
552 3547 608 3598 in
662 3545 1012 3615 sequentibus
1064 3549 1251 3598 auctor
1301 3547 1494 3599 iterum
1551 3547 1648 3599 hac
1695 3547 1760 3599 de
1797 3563 1855 3600 re
1892 3549 2001 3617 agit
2038 3549 2120 3601 his
