2462 4186
1141 426 1251 481 ‚55

283 601 396 652 Nic.
454 601 712 652 Heinsius
770 601 846 651 sic
905 599 1189 667 legendum
1243 599 1489 666 opinatus
1542 603 1634 665 est,
1689 598 1886 666 quibus
1927 597 2152 650 testibus

283 706 451 774 nisuS,
509 721 605 774 ego
667 719 882 773 quoque
941 703 1167 756 arbitror
1219 704 1317 754 hoc
1358 703 1514 754 modo
1556 704 1870 755 sententiam
1913 706 2148 755 nostram

283 810 561 879 legendam
621 825 763 862 esse:
830 807 1154 862 Commodius
1204 807 1262 860 id
1313 808 1479 859 visum
1520 812 1607 867 est,
1643 811 1718 875 ut,
1756 809 1851 874 qui
1889 808 2001 861 ilico
2035 825 2155 877 per-

282 913 487 982 ferrent
543 913 756 980 litteras,
815 912 1132 981 interroqari
1190 928 1402 981 quoque,
1459 912 1506 963 si
1562 912 1690 978 quid
1744 929 1829 964 res
1880 913 2155 981 exigerent,

274 1021 500 1083 possent.

583 1231 707 1301 Gap.
770 1233 856 1285 53.
922 1230 1111 1300 Officia
1165 1248 1283 1283 cum
1339 1232 1515 1283 multis
1567 1237 1742 1283 mutuo
1781 1234 2020 1301 exercuit,
2062 1251 2154 1286 nec

643 1337 807 1405 prius
858 1336 967 1389 dies
1017 1336 1270 1405 cuiusque
1308 1336 1572 1389 sollemnes
1610 1337 1953 1406 frequentare
1990 1337 2159 1406 desiit,

652 1457 811 1507 quam
862 1440 1064 1510 prandi
1117 1442 1225 1493 iam
1280 1444 1415 1493 natu
1471 1446 1518 1494 et
1568 1442 1628 1493 in
1678 1441 1837 1494 turba
1890 1442 2153 1508 quondam

657 1545 1036 1614 ,sponsaliorum
1074 1545 1155 1598 die
1193 1549 1426 1598 vematus.

361 1739 510 1792 Duas
550 1740 635 1792 hic
673 1740 902 1809 legimus
941 1741 1194 1809 temporis
1227 1739 1587 1793 definitiones:
1623 1740 1885 1809 quondam
1919 1746 1971 1794 et
2004 1758 2158 1811 spon-

283 1846 535 1899 saliorum
592 1846 687 1914 die,
741 1863 970 1915 quarum
1022 1863 1156 1898 una:
1198 1846 1479 1915 quondam,
1518 1846 1727 1898 sufficit.
1766 1846 1904 1898 Nam
1947 1848 1992 1899 si
2035 1863 2159 1900 vera

286 1957 365 2004 est
415 1952 569 2004 lectio
608 1951 814 2019 tradita,
854 1967 1029 2020 neque
1068 1952 1298 2020 amplius
1339 1951 1793 2004 circumscribitur
1831 1951 2153 2004 vocabulum

284 2055 456 2123 turba,
493 2072 600 2108 non
640 2039 769 2108 satis
809 2060 1015 2108 constat
1054 2056 1357 2108 cuiusmodi
1395 2056 1583 2108 turbae
1621 2055 1714 2108 fiat
1753 2058 1965 2109 menti0.
1988 2056 2156 2125 Spon-

287 2160 539 2212 saliorum
582 2160 665 2212 die
701 2161 758 2210 in
796 2159 1008 2212 turbam
1046 2159 1281 2212 incidere
1319 2161 1491 2228 potuit
1529 2161 1813 2229 Augustus
1852 2162 1907 2212 in
1946 2160 2076 2228 foro,
2096 2163 2154 2212 in

288 2265 483 2334 Campo
541 2264 748 2332 MartiO,
806 2267 863 2316 in
914 2266 1015 2332 via,
1066 2266 1121 2316 in
1163 2280 1490 2333 unoquoque
1529 2265 1761 2333 denique
1800 2266 1966 2317 totius
2005 2265 2155 2318 urbis

286 2369 416 2421 loco.
466 2369 718 2421 Attamen
773 2369 818 2421 si
872 2369 1117 2437 princeps
1171 2372 1397 2421 vexatus
1438 2372 1576 2420 esset
1616 2370 1671 2419 in
1712 2369 1940 2437 quadam
1982 2369 2155 2437 turba,

289 2490 424 2543 quae
468 2474 618 2526 nulla
670 2475 874 2526 ratione
926 2490 1048 2525 cum
1090 2474 1480 2542 sponsaliorum
1522 2473 1701 2541 aliquo
1741 2473 1875 2526 festo
1912 2475 2156 2527 cohaere-

288 2579 390 2647 bat,
429 2579 631 2631 nullam
672 2577 887 2631 haberet
927 2594 1158 2646 causam,
1192 2595 1288 2631 cur
1327 2594 1435 2630 non
1474 2578 1704 2647 amplius
1739 2579 1851 2632 dies
1873 2579 2156 2632 sollemnes

287 2683 661 2752 frequentaret.

363 2787 652 2841 Suetonius
702 2803 826 2856 ergo
879 2788 997 2839 vult
1047 2786 1259 2839 turbam
1299 2787 1666 2854 convivarum,
1703 2787 1914 2839 turbam
1958 2804 2159 2856 eorum,

291 2893 384 2960 qui
435 2892 501 2943 ad
541 2891 806 2960 sponsalia
845 2891 1160 2944 celebranda
1199 2895 1574 2943 convenerant.
1613 2890 1811 2943 Notum
1852 2896 1932 2944 est
1972 2908 2159 2945 nume-

290 3013 410 3048 rum
450 3011 635 3048 eorum
675 2996 1039 3063 convivarum,
1079 2996 1327 3064 inprimis
1365 2995 1509 3064 apud
1548 2995 1779 3063 ditiores,
1818 2997 2158 3064 insigniores·

293 3117 411 3170 que,
470 3116 676 3169 semper
732 3116 1080 3169 permagnum
1130 3099 1298 3152 fuisse
1338 3103 1390 3152 et
1427 3101 1504 3151 sic
1540 3099 1695 3152 facile
1732 3100 1849 3151 fieri
1887 3102 2060 3168 potuit
2100 3105 2161 3153 ut

291 3207 346 3256 in
398 3221 582 3257 eorum
635 3203 790 3256 turba
843 3205 997 3256 etiam
1055 3205 1300 3272 princeps
1347 3204 1452 3255 huc
1490 3208 1652 3271 atque
1692 3203 1823 3255 illuc
1861 3203 2162 3271 pelleretur,

290 3310 706 3376 trahereturque.
749 3307 895 3370 Quae
933 3311 1111 3359 autem
1151 3307 1378 3376 legimus
1418 3307 1560 3375 apud
1605 3310 1873 3358 auctorem
1915 3311 2157 3359 nostrum

294 3415 359 3466 de
399 3414 559 3465 variis
599 3411 771 3465 turbis
811 3412 977 3480 accipi
1017 3415 1256 3480 possunt,
1296 3426 1470 3478 neque
1511 3410 1622 3461 ulla
1661 3414 1835 3462 exstat
1856 3412 2160 3479 necessitaS,

297 3535 394 3570 cur
431 3519 488 3569 in
526 3516 785 3569 vocabulo
825 3515 982 3568 turba
1021 3515 1296 3567 videamus
1339 3515 1683 3566 convivarum
1725 3513 1949 3566 turbam.
1990 3513 2162 3566 Locus
