2462 4186
1292 447 1361 500 66

396 644 554 698 grum
611 624 1003 679 restituendum
1062 638 1179 676 esse
1235 626 1286 675 et
1340 623 1443 674 alia
1502 622 1797 675 mutatione
1854 621 2032 675 locum
2090 638 2271 692 persa·

399 732 654 785 nandum.

474 837 597 890 Non
649 837 788 889 enim
836 836 1074 887 narravit
1124 836 1310 886 auctor
1347 831 1525 884 urbem
1563 832 1738 884 hieme
1776 848 1966 901 parum
2009 831 2276 885 salubrem

398 943 581 1009 fuisse,
640 941 733 994 sed
791 956 998 1001 auram,
1055 939 1110 991 id
1167 941 1274 990 est:
1339 953 1526 989 auram
1585 936 1836 1005 cubiculi,
1879 936 1973 989 ubi
2012 938 2186 990 hieme
2224 942 2279 989 et

398 1052 596 1100 aestate
655 1046 863 1098 mansit.
921 1042 1082 1095 Nunc
1135 1042 1367 1110 denique
1419 1057 1604 1093 sanam
1644 1040 1905 1093 habemus
1944 1042 2278 1094 sententiam.

398 1152 558 1205 Nunc
618 1167 787 1203 unum
844 1148 1214 1202 tantummodo
1272 1147 1630 1199 continentiae
1679 1145 1918 1214 Augusti
1969 1145 2275 1214 exemplum

401 1258 551 1310 affert
589 1260 789 1324 auctor,
827 1254 920 1307 sed
959 1253 1356 1323 gravissimum,
1398 1251 1540 1321 quod
1582 1250 1794 1304 duobus
1827 1252 2156 1320 argumentis
2192 1251 2278 1304 de-

401 1365 672 1415 monstrat.
729 1360 859 1412 Tam
922 1360 1203 1411 continens
1257 1361 1368 1410 erat
1406 1358 1653 1426 princeps
1695 1362 1756 1408 ut
1792 1371 2003 1425 semper
2040 1360 2281 1423 maneret

399 1469 452 1520 in
496 1468 681 1521 eodem
724 1465 989 1533 cubicu10,
1028 1465 1185 1516 cuius
1224 1479 1407 1515 auram
1450 1463 1622 1515 hieme
1654 1478 1844 1531 parum
1888 1460 1989 1513 sibi
2012 1460 2279 1513 salubrem

399 1573 673 1625 interdum
728 1569 1117 1644 experiebatur,
1168 1569 1260 1621 sed
1309 1568 1520 1636 quoties
1560 1582 1654 1636 per
1691 1568 1863 1635 ipsam
1904 1566 2049 1618 illam
2092 1582 2278 1618 auram

401 1680 457 1730 in
511 1677 758 1731 morbum
811 1674 1095 1743 incidebat,
1146 1690 1251 1726 non
1303 1672 1504 1725 idcirco
1544 1687 1613 1725 ex
1654 1671 1787 1724 urbe
1826 1669 2284 1741 proficiscebatur,

401 1784 495 1837 sed
534 1782 904 1837 tantummodo
945 1781 1164 1833 domum
1205 1795 1358 1832 suam
1398 1776 1736 1846 relinquebat
1773 1781 1825 1829 et
1863 1777 1919 1828 in
1961 1775 2284 1828 Maecenatis

400 1890 555 1942 domo
599 1889 791 1942 melius
832 1886 1211 1955 salubriusque
1250 1883 1562 1936 cubiculum
1606 1881 1906 1951 quaerebat.
1944 1879 2282 1949 Quamquam

405 2012 575 2065 aeger,
612 2000 791 2048 tamen
833 2009 1041 2063 semper
1079 1995 1136 2045 in
1176 1991 1310 2044 urbe
1352 1989 1630 2043 hiemabat.
1948 1975 1950 1977 ¹

477 2102 652 2171 Igitur
708 2102 809 2153 hoc
866 2100 1023 2152 modo
1081 2099 1399 2151 sententiam
1452 2100 1688 2149 nostram
1742 2094 2020 2163 legendam
2061 2108 2281 2146 censeo:

407 2206 489 2260 Ae
535 2223 631 2272 per
681 2221 847 2258 annos
896 2203 1124 2270 amplius
1173 2201 1531 2272 quadrayiuta
1568 2201 1738 2253 eodem
1775 2198 2000 2252 eubiculo
2036 2197 2198 2250 hieme
2237 2202 2284 2250 et
2336 2190 2339 2193 ’

405 2316 599 2365 aestate
628 2311 840 2379 mansit,
871 2309 1108 2379 quamvis
1136 2323 1331 2374 parum
1358 2305 1620 2359 salubrem
1639 2304 1924 2358 valitudini
1941 2320 2069 2356 suae
2088 2318 2280 2355 auram

405 2417 568 2471 hieme
603 2417 941 2486 eoeperiretur,
980 2414 1287 2480 assidueque
1323 2412 1384 2464 iu
1421 2411 1546 2464 urbe
1583 2411 1843 2463 hiemaret.

709 2633 833 2700 Gap.
887 2634 970 2685 75.
1026 2630 1412 2699 Saturnalibus,
1451 2634 1500 2683 et
1536 2629 1584 2682 si
1621 2628 1834 2698 quando
1869 2627 2007 2680 alias
2043 2625 2285 2692 libuisset,

776 2739 922 2792 modo
972 2754 1197 2791 munera
1249 2735 1519 2803 dividebat,
1570 2738 1756 2787 vestem
1795 2738 1840 2785 et
1879 2748 2071 2785 aurum
2108 2735 2156 2783 et
2193 2746 2285 2782 ar-

775 2847 1002 2914 yeutum,
1038 2842 1186 2895 modo
1227 2856 1464 2894 nummos
1500 2839 1669 2892 omnis
1705 2841 1871 2906 uotae,
1909 2837 2066 2890 etiam
2096 2839 2286 2887 veteres

778 2951 947 3020 reqios
986 2967 1049 3001 ae
1088 2947 1405 3017 pereyrinos,
1443 2945 1707 2999 interdum
1738 2943 1869 2996 nihil
1879 2947 2097 3013 praeter
2115 2940 2284 2994 cilicia

779 3059 828 3108 et
877 3055 1122 3125 spongias
1143 3094 1154 3105 .
1176 3094 1187 3106 .
1211 3094 1222 3106 .
1243 3094 1254 3105 .
1309 3057 1463 3122 atque
1512 3051 1623 3103 alia
1660 3050 1719 3102 id
1751 3065 1932 3118 yeuuS,
1970 3046 2137 3101 titulis
2173 3062 2283 3099 am·

782 3159 948 3227 biyuis
985 3162 1034 3212 et
1070 3157 1314 3211 obscuris.

482 3357 570 3410 Sic
609 3372 794 3409 omnes
834 3355 1059 3423 codiceS,
1098 3357 1305 3424 praeter
1342 3369 1530 3421 unum,
1568 3350 1973 3404 Viterbiensem.

485 3463 664 3516 Codex
718 3460 917 3514 Viterb.
971 3459 1187 3530 praebet
1237 3459 1579 3527 scripturam:
1633 3459 1823 3508 veteres
1872 3471 1934 3506 ae
1965 3452 2285 3522 pereqriuos,

412 3572 588 3637 atque,
627 3571 688 3620 ut
726 3567 939 3636 saepius
978 3564 1093 3618 fieri
1137 3564 1285 3632 solet,
1326 3578 1470 3615 unus
1508 3560 1875 3614 tantummode
1913 3574 1942 3611 e
1973 3573 2166 3627 magno
2198 3572 2284 3609 co-
