2462 4186
1257 435 1326 485 62

349 618 677 683 argumenta,
732 629 870 681 quae
922 611 1144 681 probare
1186 628 1290 662 non
1335 626 1571 679 possum.
1612 608 1733 660 Non
1775 610 1915 661 enim
1956 611 2108 676 putat
2146 607 2219 660 al·

349 723 614 771 terutrum
657 718 842 770 abesse
880 732 1037 786 posse
1077 716 1415 782 vocabulum,
1455 715 1582 782 quia
1619 713 1916 782 periculum
1949 713 2140 781 ingens
2173 714 2224 764 et

351 824 550 892 duplex
596 823 714 890 fuit,
753 827 805 875 et
845 838 914 874 ex
953 821 1218 887 repentino
1257 821 1480 871 incursu
1521 823 1573 871 et
1611 834 1680 871 ex
1718 834 1842 887 apro
1882 817 2008 886 fero.

426 930 531 983 Sed
589 931 843 981 nimirum
907 943 1092 980 omnes
1152 928 1266 995 apri
1321 925 1419 978 feri
1472 928 1615 992 sunt,
1665 940 1763 976 nee
1803 923 2101 992 periculum
2142 922 2233 974 illo

353 1036 613 1088 adiectivo
667 1038 905 1103 augetur.
958 1031 1165 1084 Deinde
1206 1033 1332 1083 citat
1374 1029 1664 1082 nonnullos
1705 1027 1884 1080 Ovidii
1924 1043 2128 1095 versus,
2170 1027 2235 1079 de

355 1139 552 1209 quibus
593 1140 693 1191 hoc
731 1137 1101 1191 tantummodo
1142 1135 1462 1188 contendere
1502 1135 1653 1186 volo:
1695 1132 2022 1202 Numquam,
2056 1137 2116 1184 ut
2147 1131 2235 1184 fir-

355 1247 510 1297 miter
568 1244 739 1311 credo,
792 1244 916 1295 licet
955 1259 1025 1295 ex
1068 1257 1314 1294 sermone
1353 1241 1558 1309 poetico
1603 1240 1818 1291 haurire
1858 1241 2234 1307 argumentum

356 1365 532 1418 neque
592 1349 657 1401 ad
717 1347 1122 1414 defendendam,
1179 1361 1355 1414 neque
1414 1345 1479 1397 ad
1532 1344 1858 1413 arguendam
1914 1343 2237 1395 locutionem

357 1455 625 1508 insolitam
681 1454 822 1523 apud
876 1452 1210 1519 Suetonium,
1262 1452 1420 1522 cuius
1472 1467 1647 1503 sermo
1699 1465 1918 1519 prorsus
1960 1448 2134 1500 differt
2172 1447 2238 1500 ab

360 1578 465 1613 usu
523 1562 744 1629 poetioO.
799 1558 925 1611 Sine
977 1558 1140 1611 dubio
1195 1559 1365 1626 magis
1419 1556 1484 1608 ad
1526 1572 1637 1608 rem
1677 1555 1803 1607 facit
1844 1554 1988 1623 quod
2028 1552 2241 1605 duobus

361 1667 479 1719 aliis
518 1666 649 1718 locis
689 1666 802 1733 ipse
842 1668 1030 1716 auctor
1070 1663 1284 1732 scripsit
1324 1678 1519 1731 aprum
1558 1663 1674 1713 sine
1713 1661 1988 1713 adiectivo.

437 1772 689 1841 Legimus
741 1771 883 1823 enim
937 1771 993 1821 in
1049 1770 1157 1821 vita
1207 1768 1401 1821 Tiberii
1458 1784 1567 1836 cap.
1618 1768 1715 1818 34:
1764 1765 2243 1833 „dimidiatumque

365 1896 552 1948 aprum
613 1875 923 1947 apposuit'’;
986 1879 1037 1927 et
1087 1874 1283 1926 ibidem
1329 1890 1440 1942 cap.
1486 1873 1582 1924 72:
1632 1874 1889 1939 „missum
1930 1872 1988 1922 in
2027 1886 2242 1922 arenam

365 2001 553 2053 aprum
596 1983 785 2035 iaculis
826 1982 1056 2049 desuper
1095 1978 1297 2048 petiit''.
1341 1978 1639 2030 Posteriore
1681 1978 1990 2046 praesertim
2033 1976 2164 2041 1000,
2199 1976 2245 2027 si

368 2091 641 2158 voluisset,
694 2090 738 2140 si
792 2087 913 2140 talis
966 2085 1208 2138 Suetonii
1262 2101 1396 2137 usus
1434 2083 1641 2151 fuisset,
1682 2083 1944 2135 adiectivo
1984 2081 2160 2151 ferum
2197 2082 2246 2134 ei

371 2195 631 2247 utendum
672 2197 796 2246 erat.
1837 2187 1839 2189 “

446 2300 613 2352 Credo
673 2315 798 2367 ergo
839 2299 995 2351 etiam
1038 2300 1220 2349 nostro
1262 2296 1377 2347 loco
1417 2283 1692 2347 abundare
1729 2293 1858 2363 fero,
1897 2293 2041 2362 quod
2080 2292 2250 2360 facile,

373 2423 404 2457 a
461 2404 697 2457 secunda
751 2419 915 2454 manu
968 2401 1409 2470 suprascriptum,
1448 2401 1502 2451 in
1546 2403 1753 2451 textum
1793 2400 2024 2466 irrepere
2062 2397 2250 2466 potuit,

373 2515 535 2579 atque
578 2509 696 2561 ideo
737 2508 1027 2561 delendum
1063 2515 1184 2559 'esse
1224 2521 1431 2558 cense0.

448 2615 649 2668 Eodem
691 2615 876 2683 capite,
915 2615 970 2665 in
1010 2613 1134 2681 fine,
1171 2613 1429 2681 legimus:

675 2832 862 2885 Thallo
913 2850 947 2884 a
994 2849 1170 2899 manu,
1209 2831 1346 2901 quod
1380 2847 1475 2896 pro
1516 2829 1730 2895 epistola
1767 2829 1976 2898 prodita
2013 2828 2256 2881 denarios

749 2938 1059 3008 quinyentos
1097 2937 1386 3006 accepisset,
1426 2952 1586 2987 crura
1623 2935 1670 2987 ei
1712 2934 1874 3004 freyit
1910 2951 1947 2986 e.
1969 2951 2015 3003 q.
2036 2950 2074 2986 s.

454 3135 541 3188 Sic
581 3151 609 3187 e
649 3134 829 3187 codice
870 3133 1192 3186 Memmiano
1235 3132 1518 3185 ediderunt
1556 3131 1799 3200 plerique
1836 3131 2079 3197 editores,
2117 3130 2258 3199 pleo-

383 3258 569 3294 nasmo
610 3257 718 3292 non
758 3239 991 3292 ferendo,
1035 3239 1146 3290 Alii
1187 3238 1396 3290 codices
1439 3236 1636 3289 habent
1673 3236 2060 3306 effreyit,quod
2084 3239 2258 3287 tamen

384 3363 491 3398 non
553 3350 632 3398 est
690 3344 916 3397 verbum
978 3343 1235 3396 sollemne
1292 3343 1349 3393 in
1411 3342 1510 3393 hoc
1571 3341 1846 3410 supplicio.
1905 3339 2103 3408 CicerO,
2154 3339 2260 3392 Pro

389 3450 581 3502 Roscio
641 3449 820 3501 Amer.
880 3465 989 3517 cap.
1052 3448 1121 3498 20
1166 3451 1374 3499 narrat:
1423 3445 1661 3513 „Quodsi
1702 3446 1821 3498 luce
1859 3461 2017 3498 canes
2055 3446 2264 3512 latrent,

387 3557 452 3606 iis
514 3571 669 3606 crura
728 3550 1175 3621 suffringantur'',
1229 3551 1322 3603 sed
1381 3550 1669 3602 Suetonius
1722 3565 1930 3618 semper
1974 3550 2072 3601 hac
2111 3550 2163 3601 in
2206 3565 2264 3602 re
