2462 4186
1236 439 1267 490 2

303 634 509 684 sumuS,
568 621 629 669 ut
687 617 1091 685 antiquissimos
1151 616 1474 684 eosdemque
1526 617 1750 684 optimos
1802 615 1966 668 libros
2006 621 2186 669 nostra

303 723 464 774 editio
524 721 725 790 ubique
783 726 834 773 et
890 723 945 772 in
1007 720 1258 773 omnibus
1316 721 1477 773 rebus
1530 721 1881 790 aequabiliter
1919 721 2186 774 referret.'’

301 826 562 878 Videmus
609 842 733 894 ergo
773 824 1029 877 Rothium
1071 824 1173 877 sibi
1215 841 1321 876 non
1366 825 1463 876 hoc
1503 827 1847 894 proposuisse
1889 830 1948 877 ut
1987 827 2183 878 consti-

298 936 474 983 tueret
513 935 738 998 textum,
779 932 871 998 qui
915 931 1196 982 meliorum
1237 930 1480 982 codicum
1524 932 1837 983 auctoritate
1880 933 2045 995 nisus,
2069 931 2184 983 ubi-

298 1053 403 1105 que
461 1037 714 1089 lectiones
766 1037 988 1104 lucidas,
1041 1036 1448 1105 probabilesque
1486 1036 1776 1105 praeberet,
1817 1037 1908 1089 sed
1948 1042 2180 1089 tantum-

300 1142 456 1194 modo
500 1146 557 1194 ut
596 1142 870 1210 exemplar
908 1142 974 1193 ad
1007 1141 1236 1193 litteram
1272 1157 1587 1210 expressum
1627 1143 1788 1193 unius
1825 1142 1907 1194 vel
1942 1143 2179 1211 plurium

301 1249 625 1316 optimorum
665 1247 910 1299 codicum
952 1247 1221 1316 proferret.

373 1352 503 1405 Dux
554 1354 645 1406 ille
695 1353 852 1421 fidus,
906 1370 1065 1422 quem
1121 1353 1223 1406 sibi
1263 1354 1361 1405 hac
1400 1355 1456 1404 in
1497 1369 1553 1405 re
1594 1354 1753 1422 elegit
1792 1359 1992 1421 auctor,
2032 1371 2181 1423 prae-

298 1461 454 1529 cipue
505 1460 607 1512 fuit
659 1462 892 1528 optimus
944 1461 1202 1526 omnium,
1246 1459 1416 1511 codex
1455 1459 1825 1512 Memmianus.
1868 1459 1956 1512 Sic
1987 1460 2090 1513 fuit
2130 1465 2181 1514 et

298 1567 374 1617 sic
436 1566 611 1617 adhuc
669 1570 750 1618 est
806 1582 920 1618 mos
979 1566 1124 1634 apud
1184 1565 1494 1632 GermanOS,
1548 1567 1642 1635 qui
1691 1568 1873 1618 'iurare
1912 1566 2085 1619 solent
2123 1569 2179 1618 in

297 1670 556 1722 librorum
617 1672 985 1723 auctoritatem
1049 1675 1100 1723 et
1162 1672 1322 1740 vulgo
1381 1673 1698 1749 opinantur:
1765 1672 2002 1739 „nullam
2061 1687 2179 1724 esse

295 1776 542 1845 vulgatae
594 1778 852 1842 lectionis,
906 1793 973 1830 ne
1024 1778 1080 1829 in
1131 1779 1366 1830 minimis
1407 1778 1623 1846 quidem
1663 1778 1841 1846 rebus,
1881 1777 2175 1830 habendam

294 1883 569 1947 rationem,
611 1883 714 1933 nisi
753 1883 1073 1949 optimorum
1116 1882 1375 1934 librorum
1417 1883 1632 1934 accedat
1670 1882 2008 1935 auctoritas.''

369 1985 511 2048 Quid
550 1991 728 2039 autem
773 2003 870 2039 nos
913 1989 1221 2055 quaerimus
1261 1989 1316 2039 in
1358 1987 1699 2054 editionibuS,
1739 1987 1937 2056 quibus
1980 1989 2058 2040 uti
2092 2004 2177 2040 co—

291 2093 511 2162 gimur?
552 2092 822 2144 Nimirum
865 2093 963 2145 hoc
1004 2093 1206 2145 solum:
1251 2097 1476 2159 textum,
1517 2093 1726 2145 mendis
1748 2093 1993 2160 liberum,
2016 2109 2173 2162 quem

295 2197 496 2266 ubique
543 2198 840 2266 intelligere
880 2203 1040 2266 atque
1079 2199 1347 2266 explicare
1387 2199 1673 2267 possimus,
1715 2198 1924 2266 qualem
1966 2203 2175 2251 textum

292 2303 545 2372 praebere
602 2320 710 2355 non
771 2308 957 2372 potest,
1015 2320 1192 2372 neque
1250 2320 1490 2372 unquam
1546 2305 1741 2373 poterit
1794 2320 1939 2356 unus
1990 2304 2176 2371 codeX‚

290 2425 359 2460 ne
399 2411 632 2477 optimus
673 2410 916 2477 quidem.'
949 2408 1118 2472 Quam
1162 2409 1228 2461 ob
1270 2426 1486 2462 causam
1529 2427 1637 2461 non
1679 2414 1825 2462 tanta
1864 2409 2020 2462 laude
2061 2409 2174 2478 dig-

288 2532 410 2566 nam
453 2519 582 2584 puto
623 2515 926 2582 editionem,
968 2531 1127 2583 quam
1170 2516 1377 2566 curavit
1410 2514 1654 2582 Rothius,
1686 2516 1995 2583 praesertim
2030 2515 2173 2583 quod

291 2621 474 2673 multis
544 2621 675 2673 locis
747 2622 1038 2689 scripturas
1102 2620 1331 2689 praebet,
1391 2638 1524 2689 quas
1583 2636 1759 2690 neque
1815 2622 1930 2689 ipse
1988 2621 2172 2686 editor,

289 2741 466 2794 neque
518 2726 664 2777 ullus
703 2726 870 2777 lector
910 2742 1149 2794 unquam
1190 2725 1486 2794 intelligere
1525 2727 1712 2794 potuit.
1753 2724 1961 2777 Etenim
2006 2724 2172 2776 Mem-

289 2832 455 2882 miani
506 2830 760 2882 lectiones
810 2830 1109 2883 incolumes
1147 2831 1543 2900 inviolataeque
1584 2830 1983 2882 conservandae
2021 2831 2174 2881 erant

291 2940 341 2987 et
394 2937 471 2987 sic
521 2935 637 2987 fieri
688 2940 862 3003 potuit
910 2940 968 2987 ut
1006 2936 1278 2988 interdum
1320 2936 1479 2988 editio
1518 2935 1886 2988 Teubneriana
1925 2933 2173 3003 praebeat

288 3044 513 3107 textum,
554 3056 713 3108 quem
755 3040 1036 3093 defendere
1075 3040 1223 3093 nullo
1264 3041 1421 3092 modo
1461 3041 1743 3109 possimus.

363 3145 583 3197 Utinam
626 3146 809 3198 saltem
851 3145 1080 3198 Rothius
1120 3146 1403 3198 editionem
1446 3146 1677 3198 dedisset
1719 3161 1840 3197 cum
1876 3144 2170 3196 annotatio-

289 3250 449 3303 nibus
489 3255 540 3303 et
579 3253 776 3303 criticis
815 3256 867 3304 et
906 3252 1210 3320 exegeticis,
1250 3257 1380 3304 tuno
1420 3252 1635 3304 demum
1658 3266 2039 3319 cognossemus
2063 3265 2168 3318 quo

290 3357 444 3408 modo
487 3334 662 3409 varios
701 3357 822 3409 illos
863 3358 1008 3409 locos
1049 3357 1473 3426 interpretandos
1513 3373 1630 3409 esse
1667 3358 1781 3425 ipse
1814 3359 2028 3425 putaret
2061 3355 2168 3407 edi-

286 3465 381 3512 tor.
434 3460 594 3513 Nunc
647 3477 787 3527 vero,
840 3478 962 3513 cum
1017 3462 1245 3530 legimus
1284 3463 1583 3528 lectionem,
1625 3477 1762 3530 quae
1801 3465 1893 3513 aut
1934 3459 2167 3512 difficilis

287 3566 576 3633 intellectu,
629 3570 720 3617 aut
774 3565 961 3618 Latina
1014 3583 1120 3618 non
1170 3568 1252 3634 sit,
1293 3567 1358 3618 ad
1399 3568 1733 3618 coniecturas
1774 3565 2164 3616 decurrendum
