2462 4186
1146 475 1212 526 19

608 656 654 704 et
718 652 944 720 perenni
1010 651 1280 716 opprobrio
1351 657 1397 703 et
1468 651 1541 702 ad
1607 651 1831 720 omnium
1891 651 2108 703 convitia

611 757 847 825 empositO.

313 956 452 1008 Satis
493 955 720 1006 obscura
760 956 887 1006 haec
926 956 1187 1006 sententia
1228 959 1323 1006 est.
1360 953 1511 1006 Sicut
1545 971 1691 1006 nunc
1710 955 2109 1022 eamlegimus:

241 1061 575 1128 opprobrium
623 1076 782 1127 yrave
832 1063 881 1111 et
918 1076 1145 1124 perenne
1184 1060 1467 1125 eoepositum
1505 1063 1579 1110 est
1617 1058 1688 1110 ad
1725 1059 1957 1111 omnium
1997 1074 2115 1110 con-

241 1166 384 1230 vitia,
425 1165 568 1233 quod
610 1180 716 1232 quo
757 1163 1064 1215 modo-fieri
1104 1165 1283 1232 possit,
1321 1180 1402 1215 me
1439 1180 1657 1231 prorsus
1694 1180 1799 1215 non
1823 1163 2120 1231 intelligere

191 1294 194 1295 ⁷
243 1270 435 1321 lubens
487 1268 752 1320 confiteor.
806 1268 931 1320 Sine
984 1268 1146 1319 dubio
1188 1268 1602 1320 contubernium
1645 1268 1949 1320 Nicomedis
1992 1266 2118 1319 Cae-

245 1389 416 1426 sarem
469 1388 736 1441 exponere
778 1374 950 1441 potuit
989 1373 1055 1424 ad
1097 1375 1337 1424 omnium
1379 1375 1641 1433 convitia3
1684 1374 1860 1441 ipsum
1903 1388 2120 1441 quoque

245 1479 656 1531 contubernium
718 1480 914 1546 exponi
974 1480 1147 1546 potuit
1204 1479 1269 1529 ad
1325 1480 1575 1547 convitia,
1630 1479 1722 1530 sed
1775 1478 1924 1529 nullo
1965 1478 2120 1529 modo

246 1583 588 1652 opprobrium
644 1584 841 1651 exponi
894 1583 994 1634 dici
1050 1587 1233 1651 potest.
1290 1582 1434 1644 Quid
1476 1584 1572 1634 hoc
1613 1582 1713 1657 sibi
1755 1583 1897 1634 vult:
1940 1598 2122 1647 oppro-

248 1688 420 1739 brium
478 1687 550 1739 ad
604 1688 831 1739 omnium
883 1688 1108 1738 convitia
1146 1687 1465 1752 expositum?
1503 1687 1769 1739 Nimirum
1813 1688 1910 1738 hoc
1951 1688 2124 1739 dicere

253 1793 422 1844 voluit
480 1798 688 1843 auctor:
756 1791 1178 1844 Contubernium
1238 1793 1370 1844 illud
1431 1792 1626 1844 famam
1681 1791 1918 1845 Caesaris
1957 1793 2125 1859 laesit,

254 1899 508 1965 quoniam
544 1899 695 1965 gravi
735 1902 786 1948 et
827 1899 1045 1965 perenni
1086 1897 1367 1966 opprobrio
1408 1914 1532 1949 eum
1575 1898 1761 1965 affecit,
1801 1903 1961 1966 atque
2000 1914 2122 1950 eum

255 2003 504 2070 exposuit
561 2003 625 2053 ad
687 2003 925 2065 omnium
981 2003 1231 2055 convitia.
1286 2002 1383 2054 Sed
1429 2003 1557 2055 haec
1597 2002 1783 2055 Latine
1822 2002 1981 2054 scribi
2021 2019 2128 2054 non

254 2112 480 2174 possunt
521 2123 581 2158 eo
624 2107 795 2171 modo,
836 2123 942 2174 quo
984 2123 1126 2158 nunc
1165 2108 1218 2158 in
1255 2112 1406 2159 textu
1442 2107 1635 2159 tradito
1658 2108 1900 2175 legimus.
1928 2106 2130 2158 Vitium

256 2221 382 2280 ergo
423 2212 642 2280 aliquod
684 2213 899 2263 haerere
937 2213 992 2262 in
1034 2211 1195 2264 verbo
1235 2214 1456 2277 exposito
1497 2215 1750 2281 suspicor.
1794 2211 1933 2274 Quid
1954 2217 2130 2264 autem

258 2317 544 2385 legendum
599 2316 719 2368 est‘?
760 2316 1005 2369 Fortasse
1045 2318 1372 2385 expositum?
1406 2316 1566 2368 Haud
1607 2316 1768 2369 dubie
1807 2317 1935 2368 haec
1978 2318 2133 2368 lectio
2171 2351 2175 2353 -

259 2421 469 2473 defendi
530 2426 713 2490 potest.
770 2420 979 2489 Optime
1031 2423 1171 2474 enim
1214 2423 1386 2474 dicere
1426 2438 1742 2490 possumus:
1786 2421 1967 2490 Ipsum
2010 2437 2134 2472 con·

258 2526 569 2578 tubernium
629 2528 929 2594 expositum
991 2532 1103 2578 erat
1154 2527 1216 2578 ad
1261 2528 1502 2578 omnium
1545 2527 1793 2592 convitia,
1835 2543 1972 2594 quae
2011 2527 2135 2579 inde

260 2631 327 2683 ad
371 2630 644 2683 Gaesarem
688 2630 1076 2682 redundabant.
1117 2631 1248 2683 Eam
1291 2633 1600 2701 praesertim
1643 2631 1709 2683 ob
1750 2648 1962 2684 causam
2007 2633 2135 2684 haec

262 2736 418 2787 lectio
459 2737 589 2787 mibi
629 2736 841 2800 arridet,
876 2737 1019 2804 quod
1058 2737 1329 2789 levissima
1368 2738 1662 2789 mutatione
1701 2738 1909 2789 restitui
1949 2742 2136 2805 potest,

264 2840 356 2892 sed
416 2841 572 2891 etiam
635 2841 848 2891 malim:
903 2857 1017 2892 eam
1068 2857 1340 2906 exponenS,
1393 2842 1424 2892 i.
1467 2857 1539 2893 e.:
1593 2841 1796 2909 famam
1837 2842 2137 2906 pudicitiae.

266 2943 353 2995 Sic
405 2944 619 2996 tandem
675 2944 875 2996 bonum
931 2961 1147 2997 sensum
1197 2945 1412 3014 praebet
1451 2949 1714 2999 sententia
1755 2952 1948 3001 nostra.
1990 2950 2138 3001 Atta-

269 3062 389 3098 men
441 3063 731 3114 pronomen
791 3065 904 3100 eam
962 3050 1118 3100 etiam
1180 3051 1352 3101 omitti
1410 3055 1596 3119 potest,
1656 3068 1777 3103 nam
1836 3068 1992 3104 nemo
2046 3057 2144 3119 est,

270 3151 361 3217 qui
416 3167 521 3201 non
576 3152 850 3219 intelligat,
892 3168 1051 3220 quem
1089 3154 1176 3205 vel
1218 3154 1347 3221 quid
1389 3154 1454 3205 ad
1495 3157 1733 3206 omnium
1778 3158 2009 3208 convitia
2050 3173 2142 3209 ex-

269 3255 520 3321 posuerit.
574 3254 676 3307 Sed
725 3256 949 3308 fortasse
991 3257 1242 3309 audacior
1281 3258 1493 3310 videtur
1532 3261 1837 3312 coniectura
1876 3278 2143 3328 exponem,

273 3359 416 3428 quod
457 3359 522 3411 de
560 3359 786 3412 lectione
823 3361 1103 3425 emposz'tum
1144 3365 1284 3413 certe
1318 3363 1566 3414 contendi
1605 3380 1712 3414 non
1735 3368 1919 3432 potest.
1942 3364 2141 3433 Legen-

274 3461 403 3512 dum
463 3478 603 3530 ergo,
662 3464 765 3514 nisi
827 3466 1004 3515 omnia
1058 3481 1141 3516 me
1192 3465 1410 3518 fallunt:
1464 3466 1622 3517 etad
1657 3467 1885 3518 omnium
1926 3468 2146 3520 convitia

278 3565 574 3630 empositum.
