2462 4186
1018 1218 1274 1279 DIVUS
1320 1216 1623 1278 IULIUS.

686 1657 808 1723 Cap.
847 1659 891 1709 1.
927 1657 1145 1709 Annum
1178 1672 1338 1724 ayens
1368 1661 1567 1707 sextum
1601 1655 1867 1724 decimum,
1895 1661 2106 1724 patrem
2133 1656 2262 1708 ami-

753 1762 821 1812 sit
832 1777 850 1824 ‚·
875 1761 1207 1830 sequentibus
1227 1759 1524 1811 consulibus
1543 1758 1740 1823 flamen
1762 1758 1936 1811 Dialis
1958 1759 2264 1827 destinatuS,

756 1866 974 1918 dimissa
1018 1864 1308 1918 Cossutia..
1327 1905 1365 1916 ..
1412 1861 1728 1917 Corneliam.
1749 1905 1760 1918 .
1779 1905 1815 1915 ..
1855 1864 2006 1915 duxit
2039 1880 2264 1916 umorem.

462 2044 711 2111 Plerique
750 2044 857 2094 iam
897 2043 1214 2110 interpretes
1255 2042 1380 2093 huic
1419 2042 1714 2093 sententiae
1747 2046 2014 2092 navarunt
2035 2057 2264 2109 operam.

387 2148 667 2201 Vocabula
714 2146 909 2212 flamen
949 2144 1128 2199 Dialis
1167 2145 1463 2198 dest-inatus
1501 2162 1661 2198 suum
1706 2161 1812 2196 non
1855 2144 2046 2197 habere
2086 2145 2262 2197 locum

386 2256 551 2307 variis
590 2254 922 2323 argumentis
957 2253 1457 2305 demonstraverunt
1490 2255 1697 2320 praeter
1730 2250 1860 2302 alios
1895 2254 1946 2302 et
1981 2249 2266 2301 Ernestius

385 2365 438 2412 et
499 2358 927 2426 Oudendorpius.
989 2356 1256 2425 Coniungi
1315 2372 1376 2408 ea
1427 2372 1548 2407 cum
1603 2353 1898 2407 consulibus
1935 2353 2266 2422 sequentibus

387 2482 490 2517 non
553 2454 710 2533 p0sse
761 2463 827 2515 ob
881 2462 1221 2514 difficultates
1276 2460 1677 2528 chronologicas
1729 2464 1871 2511 recte
1923 2462 2266 2525 monuerunt,

389 2585 486 2622 nec
536 2569 668 2620 mihi
718 2584 829 2620 rem
884 2567 1018 2620 bene
1073 2566 1429 2635 explicavisse
1483 2565 1694 2617 videtur
1744 2562 2264 2632 Baumgarten-Oru-

390 2675 524 2740 siUS,
581 2674 675 2740 qui
731 2673 808 2724 sic
867 2671 1228 2739 interpunxit:
1294 2667 1664 2736 „sequentibus
1708 2666 2020 2734 consulibuS,
2072 2666 2263 2731 flamen

390 2778 566 2831 Dialis
603 2775 944 2844 destinatu8,'’
989 2781 1046 2828 ut
1086 2792 1277 2828 sensus
1319 2776 1541 2827 existat:
1587 2772 1792 2840 Caesar,
1835 2774 1928 2841 qui
1959 2774 2064 2824 iam
2100 2774 2293 2842 prius„

389 2900 557 2954 paene
616 2899 762 2952 puer,
822 2882 1017 2935 flamen
1071 2880 1242 2933 Dialis
1293 2881 1590 2933 destinatus
1643 2884 1770 2946 erat,
1823 2895 1983 2945 nunc,
2021 2880 2267 2947 sequenti

390 2990 554 3059 patris
607 2993 829 3040 mortem
879 3003 1036 3054 ann0,
1075 2987 1295 3038 dimissa
1336 2984 1579 3037 Cossutia
1620 3000 1661 3036 e.
1685 3002 1731 3053 q.
1755 3001 1793 3036 s.
1834 2983 1974 3036 Talis
2014 2983 2266 3036 narrandi

391 3098 524 3148 ratio
584 3099 725 3147 certe
784 3111 891 3146 non
952 3098 1063 3145 erat
1123 3092 1382 3158 Suetonii,
1443 3092 1553 3160 qui,
1611 3106 1937 3158 quamquam
1992 3089 2266 3141 brevitatis

390 3202 806 3267 amantissimus,
865 3204 1041 3251 tamen
1099 3213 1412 3265 numquam,
1466 3195 1742 3248 brevitatis
1783 3210 1960 3260 causa,
2000 3210 2108 3246 una
2147 3209 2266 3245 sen-

390 3308 555 3359 tentia
611 3322 697 3358 res
755 3310 860 3357 tam
922 3304 1159 3356 diversas
1218 3302 1495 3370 complecti
1550 3301 1698 3362 solet,
1754 3304 1810 3351 ut
1849 3304 1959 3350 tota
2003 3299 2265 3351 sententia

390 3415 483 3463 aut
542 3409 819 3462 obscurior
870 3408 976 3474 fiat,
1029 3412 1122 3458 aut
1161 3406 1498 3458 mendacium
1540 3406 1822 3456 contineat.
1862 3403 2080 3455 Falsum
2121 3404 2263 3455 enim

392 3522 473 3570 est
532 3516 808 3568 Caesarem
866 3515 1137 3566 flaminem
1199 3514 1524 3565 destinatum
1585 3527 1701 3563 esse
1760 3526 1899 3562 anno
1940 3514 2056 3578 post
2098 3510 2261 3578 patris
