2462 4186
1229 407 1298 456 28

306 582 465 645 parte
520 578 688 630 velata
748 580 928 647 spuria
992 581 1119 630 mihi
1180 580 1431 631 videntur
1489 586 1541 632 et
1593 582 1697 632 iam
1739 586 1894 634 antea
1936 582 2199 635 Gruterus

317 684 496 734 omnia
548 684 677 736 haec
732 700 826 751 pro
877 684 1196 752 glossemate
1237 685 1436 736 habuit.
1478 686 1717 737 Annotat
1755 685 2198 756 Oudendorpius:

322 787 493 853 „Male
545 790 636 854 (ita
677 793 858 841 censet
899 787 1178 854 Gruterus)
1222 771 1344 840 cum
1386 789 1570 841 eodem
1611 790 1767 842 modo
1808 790 1999 843 referat
2037 790 2200 844 Vale-

316 892 430 944 rius
474 891 795 945 Maximus.''
837 892 998 945 Haud
1039 892 1217 959 dubie,
1256 893 1345 945 ille
1385 894 1525 946 enim
1569 894 1646 946 sic
1678 909 1790 946 rem
1827 895 2044 947 tradidit
2066 894 2199 961 (Lib.

323 995 416 1046 IV.
458 1012 499 1047 c.
542 998 589 1063 5,
631 997 711 1062 6):
759 1013 859 1063 „ne
898 996 1070 1048 tribus
1112 997 1328 1065 quidem
1371 1002 1423 1049 et
1462 998 1654 1065 viginti
1696 998 2029 1066 vulneribus,
2070 999 2199 1067 quin

320 1101 671 1153 verecundiae
723 1100 1126 1169 obsequeretur,
1178 1101 1459 1153 absterreri
1508 1102 1694 1170 potuit.
1737 1100 2013 1171 Siquidem
2057 1108 2199 1155 utra-

320 1221 425 1273 que
484 1210 658 1274 togam
723 1222 884 1257 manu
944 1206 1172 1274 demisit,
1232 1210 1290 1258 ut
1341 1205 1559 1258 inferior
1612 1223 1735 1275 pars
1788 1208 2024 1276 corporis
2064 1211 2201 1259 tecta

317 1310 721 1363 collaberetur.''
778 1305 884 1377 (Sic
939 1311 1180 1379 plerique
1231 1310 1356 1362 libri
1410 1309 1534 1362 Mss.
1575 1315 1627 1363 et
1665 1311 1927 1364 editiones
1967 1311 2198 1378 Valerii3

317 1416 563 1484 equidem
620 1432 743 1468 cum
797 1415 985 1484 Pighio
1039 1416 1267 1483 aliisque
1321 1415 1612 1484 praeferam
1666 1416 1949 1468 lectionem
2002 1417 2201 1469 codicis

323 1521 640 1574 Cauchiani:
684 1519 931 1588 inferiore
971 1520 1201 1585 corporis
1226 1523 1398 1588 parte,
1438 1536 1563 1571 nam
1605 1521 1699 1571 vix
1738 1518 1927 1572 Latine
1966 1520 2071 1572 dici
2110 1537 2202 1589 po-

325 1633 426 1680 test
473 1632 673 1696 partem
716 1626 1085 1680 tantummodo
1127 1626 1362 1694 corporis
1403 1625 1613 1693 collabi,
1653 1625 1798 1694 quod
1838 1626 2094 1677 nimirum
2137 1626 2203 1678 de

322 1736 438 1804 ipso
481 1733 703 1786 Caesare
743 1734 999 1801 scriptum
1037 1734 1148 1796 est).
1183 1732 1578 1800 Argumentum
1602 1735 1797 1798 autem,
1821 1731 1962 1799 quod
1987 1729 2202 1784 Ouden-

324 1840 544 1908 dorpius
601 1854 669 1890 ex
727 1838 836 1889 illis
891 1837 1091 1889 Valerii
1144 1836 1322 1889 verbis
1375 1837 1556 1888 hausit
1609 1841 1793 1888 contra
1834 1836 2050 1889 Gruteri
2089 1837 2200 1905 opi-

325 1946 558 2012 nionem,
609 1960 705 2012 ego
759 1943 945 1995 afferre
998 1943 1118 1994 volo
1173 1958 1268 2011 pro
1317 1958 1390 1994 ea.
1433 1941 1490 1993 Si
1527 1941 1776 1994 Valerius
1815 1942 2041 1993 vixisset
2079 1945 2201 2010 post

322 2049 654 2116 Suetonium,
701 2048 924 2100 fortasse
963 2047 1178 2100 credere
1217 2062 1496 2116 possemus
1538 2046 1812 2099 Valerium
1854 2051 1978 2098 ante
2017 2045 2201 2098 oculos

320 2153 571 2205 habuisse
622 2152 866 2205 Suetonii
918 2152 1112 2219 locum,
1154 2151 1246 2204 sed
1286 2167 1409 2203 cum
1451 2151 1524 2202 ita
1564 2166 1649 2203 res
1691 2165 1807 2202 sese
1846 2166 1954 2201 non
1994 2149 2201 2217 habeat,

321 2261 415 2310 vix
467 2259 613 2310 aliud
668 2259 799 2327 quid
852 2274 881 2310 e
930 2257 1135 2309 Valerii
1174 2256 1352 2309 verbis
1393 2257 1597 2308 hauriri
1637 2260 1825 2324 potest,
1865 2271 2028 2323 quam
2069 2254 2197 2305 hoc:

318 2363 511 2430 Verba,
557 2378 694 2431 quae
735 2362 965 2431 legimus
1006 2362 1148 2429 apud
1189 2360 1522 2428 Suetonium,
1561 2378 1591 2412 a
1628 2361 1921 2429 glossatore
1964 2359 2194 2427 quodam

320 2473 496 2521 sumta
547 2473 674 2520 sunt
725 2483 793 2519 ex
834 2466 1047 2519 Valerio
1089 2465 1325 2517 Maximo
1368 2471 1425 2517 ut
1461 2466 1899 2532 interpretaretur
1941 2463 2199 2515 vocabula
2254 2445 2259 2448 ¹

319 2589 419 2642 quo
457 2572 719 2625 honestius
757 2572 974 2624 caderet.
1016 2571 1182 2623 Addit
1223 2570 1639 2639 Oudendorpius
1680 2585 1739 2621 ea
1780 2568 2040 2620 vocabula
2074 2555 2202 2636 pen-

322 2679 445 2731 dere
496 2695 525 2730 a
579 2677 783 2730 verbis:
840 2678 995 2729 etiam
1045 2676 1300 2744 inferiore
1349 2676 1580 2741 corporis
1621 2678 1780 2743 parte
1828 2673 2013 2742 velata,
2056 2673 2200 2742 quod

321 2786 540 2838 minime
597 2800 785 2836 verum
846 2788 942 2837 est.
1003 2782 1245 2836 Pendent
1304 2799 1333 2834 a
1387 2779 1860 2851 praecedentibus:
1914 2779 2090 2830 sinum
2128 2777 2202 2830 ad

318 2892 427 2943 ima
475 2906 636 2942 crura
689 2889 920 2957 deduxit,
963 2893 1022 2941 ut
1063 2904 1139 2956 e0,
1182 2892 1241 2940 ut
1280 2889 1368 2954 ita,
1410 2887 1689 2939 honestius
1731 2884 1954 2937 caderet.
1995 2883 2198 2936 Sensus

318 2997 506 3048 horum
548 2994 829 3047 verborum
871 2994 1182 3063 perlucidus
1222 2997 1316 3060 est,
1357 3008 1456 3044 nec
1495 2992 1699 3060 indiget
1739 2990 2082 3042 annotatione
2115 2987 2200 3041 vel

317 3101 768 3169 interpretatione.
827 3099 966 3151 Aliis
1025 3098 1241 3167 quidem
1301 3096 1479 3149 verbis
1538 3096 1759 3148 eandem
1813 3110 1925 3146 rem
1980 3096 2199 3145 narrant

321 3203 547 3256 Ovidius
599 3203 963 3271 (Metomorph.
1016 3201 1129 3253 Lib.
1182 3200 1335 3252 XIII.
1390 3216 1464 3251 vs.
1515 3200 1642 3265 479)
1682 3203 1734 3250 et
1772 3197 2025 3276 Justinus
2065 3195 2196 3263 (Lib.

316 3309 466 3361 XIV.
520 3326 564 3363 c.
622 3310 690 3376 6),
745 3308 836 3361 sed
878 3323 1070 3359 sensus
1110 3322 1330 3375 prorsus
1371 3305 1510 3357 idem
1554 3309 1647 3356 est.
1689 3302 1960 3354 Nimirum
2003 3301 2195 3354 Caesar

321 3415 500 3466 sinum
552 3415 766 3465 tunicae
817 3412 1031 3465 deducit
1088 3426 1155 3463 ne
1215 3409 1345 3477 quid
1404 3408 1641 3460 indecori
1693 3409 1749 3458 in
1806 3407 1922 3459 eius
1977 3421 2194 3475 corpore

331 3519 500 3571 videri
549 3519 730 3587 possit.
782 3516 943 3569 Haud
984 3515 1146 3568 dubie
1187 3531 1311 3584 ergo
1365 3513 1526 3567 verba
1576 3515 1734 3566 citata
1786 3513 1961 3566 aliena
1998 3516 2125 3566 sunt
2163 3529 2193 3564 a
