2462 4186
1275 424 1345 473 54

368 610 473 662 que
545 610 606 645 ea
662 594 846 661 forma,
907 612 1012 662 qua
1071 612 1097 645 e
1149 595 1370 662 vestiyzb,
1430 597 1692 665 extemplo,
1752 614 1888 665 quae
1947 598 2086 650 idem
2145 598 2249 666 sig-

363 698 636 751 nificant.’'

434 802 538 855 Sed
594 819 628 854 a
685 802 788 854 loco
845 803 946 854 hoc
1004 803 1304 872 significare
1360 821 1467 856 non
1522 809 1708 873 potest,
1748 821 1846 857 nec
1886 805 2027 857 idem
2069 809 2149 857 est
2187 821 2249 856 ac

360 922 386 957 e
425 904 540 958 loco.
583 905 879 958 Dimidium
921 922 1044 975 ergo
1085 909 1455 960 tantummodo
1497 910 1614 961 viae
1655 910 1889 962 decurrit
1911 914 2067 962 vetus
2089 911 2251 962 inter-

364 1027 501 1080 pres,
543 1013 671 1080 quia
711 1028 817 1063 non
863 1012 995 1064 vidit
1034 1013 1090 1063 in
1133 1012 1406 1065 vocabulis
1447 1030 1481 1064 a
1519 1013 1622 1066 loco
1656 1014 1910 1082 idipsum
1933 1013 2247 1066 adverbium

331 1116 542 1180 latere,
582 1117 723 1185 quod
768 1117 1090 1185 quaerimus,
1132 1115 1440 1185 Legendum
1482 1122 1660 1170 autem
1705 1133 1896 1170 censeo
1930 1134 2026 1186 pro
2058 1116 2244 1170 aloco:

361 1221 510 1289 illico,
568 1238 691 1273 nam
748 1221 804 1272 id
863 1222 1040 1273 solum
1100 1221 1301 1273 bonum
1360 1221 1574 1290 praebet
1626 1238 1861 1275 sensum.
1903 1221 2063 1274 Nunc
2104 1223 2247 1275 enim

361 1327 619 1396 legimus:
682 1325 1025 1378 Commodius
1078 1327 1132 1378 id
1188 1328 1364 1379 visum
1422 1332 1515 1395 est,
1557 1333 1614 1380 ut
1665 1329 1719 1395 ii,
1762 1329 1870 1395 qui,
1913 1328 2091 1380 statim
2132 1331 2252 1396 post

362 1431 598 1499 aliquam
636 1446 749 1483 rem
789 1435 1013 1499 gestam,
1053 1436 1173 1499 post
1212 1431 1417 1499 aliquid
1455 1433 1676 1500 gravius
1715 1431 1931 1499 factum,
1963 1432 2252 1483 nuntiandi

365 1553 527 1589 causa
583 1535 807 1587 Romam
864 1536 1015 1588 missi
1073 1541 1215 1601 sunt,
1265 1537 1370 1605 ipsi
1409 1538 1728 1606 interrogari
1768 1552 1983 1605 quoque
2020 1540 2256 1605 possent,

365 1644 411 1696 si
464 1642 596 1711 quid
650 1642 777 1694 haec
817 1657 917 1709 reS,
958 1643 1057 1694 hoc
1095 1642 1295 1694 factum
1337 1645 1589 1712 exigeret.
1631 1643 1852 1696 Summa
1890 1649 2068 1696 autem
2110 1659 2255 1695 com-

363 1747 507 1799 modi
568 1748 625 1798 in
684 1763 823 1799 novo
872 1748 1241 1800 vehiculorum
1294 1750 1513 1801 invento
1555 1750 1686 1802 haec
1725 1749 1843 1817 fuit,
1884 1749 2028 1818 quod
2067 1750 2121 1816 ii,
2160 1749 2255 1817 qui

368 1853 547 1904 statim
600 1851 825 1904 Romam
867 1853 1018 1904 missi
1055 1852 1282 1921 fuerant,
1321 1853 1639 1906 brevissimo
1680 1858 1917 1922 tempore
1957 1853 2023 1905 ad
2062 1853 2257 1921 princi-

374 1973 495 2025 pem
536 1956 933 2025 perveniebant,
973 1958 1116 2025 quod
1153 1957 1268 2010 fieri
1307 1974 1415 2010 non
1455 1962 1697 2027 potuerat
1735 1958 2009 2027 dispositis
2049 1973 2142 2026 per
2175 1958 2256 2009 in-

373 2062 595 2115 tervalla
634 2061 957 2115 cursoribus.
1004 2038 1007 2040 .

449 2166 787 2219 Adverbium
848 2166 980 2220 illico
1038 2167 1292 2221 Suetonio
1353 2185 1461 2220 non
1514 2169 1759 2237 ignotum
1799 2168 1966 2221 fuisse
2005 2171 2151 2237 patet
2189 2183 2259 2220 ex

378 2271 617 2325 Caesaris
656 2273 781 2340 vita,
820 2288 933 2341 cap.
978 2274 1077 2324 82:
1124 2273 1386 2341 „ilicoque
1428 2273 1640 2326 Cimber
1677 2272 1866 2325 Tillius
1888 2313 1899 2324 .
1921 2313 1931 2324 .
1955 2313 2000 2324 ..
2041 2273 2259 2341 propius

378 2375 665 2442 accessit’';
707 2392 776 2428 ex
815 2375 922 2428 Gal.
964 2393 1074 2445 cap.
1117 2377 1215 2428 51:
1264 2393 1498 2445 „equum
1539 2377 1661 2429 ilico
1701 2376 2046 2430 conscendit’'
2081 2381 2133 2430 et
2152 2375 2260 2429 Ne-

376 2482 539 2548 ronis,
579 2498 689 2550 cap.
733 2483 830 2532 32:
879 2481 1199 2548 „detractam
1242 2484 1577 2548 (matronam)
1618 2481 1740 2533 ilico
1782 2498 1890 2533 non
1932 2485 2079 2534 veste
2102 2479 2274 2533 modo‘

378 2587 473 2639 sed
512 2590 563 2639 et
600 2586 757 2639 bonis
797 2585 999 2639 exuit''.

451 2690 635 2743 Restat
675 2694 735 2742 ut
773 2691 828 2741 in
870 2691 1134 2770 sententia
1174 2694 1356 2743 nostra
1393 2691 1787 2743 restituendum
1827 2707 2120 2760 proponam
2144 2706 2262 2743 ver-

379 2796 566 2848 borum
609 2801 821 2864 tempus
861 2795 1242 2864 imperfectum.
1276 2796 1634 2848 Praecedente
1670 2797 1934 2848 sententia
1954 2795 2262 2865 imperfecto

379 2906 617 2971 tempore
656 2903 828 2954 utitur
867 2905 1067 2969 auctor,
1108 2917 1208 2954 nec
1250 2901 1357 2953 ulla
1396 2900 1640 2954 exstabat
1681 2918 1842 2953 causa
1883 2917 1980 2954 cur
2012 2901 2112 2953 hoc
2146 2917 2263 2954 mu-

379 3011 529 3059 taret.
568 3006 697 3058 Tota
735 3007 1141 3058 narratiuncula
1182 3010 1382 3075 spectat
1423 3006 1489 3058 ad
1527 3006 1767 3075 Augusti
1805 3010 2035 3075 tempUS,
2068 3022 2176 3058 non
2197 3005 2264 3058 ad

383 3111 653 3177 Suetonii3
707 3110 984 3163 referenda
1037 3126 1160 3179 ergo
1213 3111 1340 3162 haec
1381 3110 1541 3163 verba
1582 3111 1648 3162 ad
1686 3112 1923 3179 Augusti
1963 3110 2263 3163 consilium.

384 3215 538 3278 Quod
577 3217 652 3268 ita
690 3215 994 3279 Suetonius
1035 3216 1331 3268 secundum
1375 3216 1664 3268 nonnullos
1703 3217 2037 3284 interpreteS,
2075 3214 2266 3267 docere

383 3322 612 3373 voluerit
652 3337 751 3374 sua
791 3321 964 3373 adhuc
1004 3325 1174 3373 aetate
1211 3321 1264 3372 id
1300 3322 1606 3373 institutum
1649 3324 1919 3372 servatum
1961 3335 2095 3386 esse,
2132 3317 2267 3369 nihil

383 3427 448 3478 ad
500 3442 611 3478 rem
651 3426 792 3494 facit,
829 3443 952 3478 nam
995 3427 1214 3478 minime
1256 3427 1320 3478 de
1360 3442 1477 3494 su0,
1517 3426 1610 3478 sed
1650 3426 1716 3478 de
1754 3426 1991 3494 Augusti
2031 3428 2267 3493 tempore

385 3531 557 3583 refert.
599 3531 862 3583 Nonnulli
903 3547 1120 3600 quoque
1160 3531 1368 3582 codices
1408 3530 1776 3599 imperfectum
1810 3528 2022 3598 habent,
2055 3544 2265 3581 necnon
