2462 4186
1248 416 1314 467 16

338 601 526 649 auctor
582 597 904 648 mentionem
963 594 1089 647 fecit
1144 593 1306 645 Marci
1364 592 1571 645 Claudii
1622 592 1875 660 Marcelli,
1926 609 1988 646 eo
2039 593 2212 660 mod0,

339 707 398 755 ut
450 701 819 755 tantummodo
859 702 1033 770 priore
1072 700 1189 751 loco
1231 703 1402 751 totum
1438 698 1687 751 exhibeat
1726 699 1964 751 consulis
2004 714 2216 764 nomen,

337 808 500 860 altero
562 823 687 859 vero
748 806 979 858 breviter
1036 821 1159 858 eum
1214 804 1444 873 appellet
1482 803 1810 855 Marcellum.
1852 802 2038 855 Statim
2079 807 2215 872 post,

337 915 393 965 in
467 913 741 982 sequentis
801 912 989 980 capitis
1048 910 1466 983 initi0„repetit
1525 924 1719 961 nomen
1781 907 2034 975 Marcelli,
2093 924 2215 960 cum

339 1019 684 1088 praenomine
727 1016 911 1083 Gaiae,
952 1017 1046 1085 qui
1085 1016 1235 1067 fratri
1274 1014 1503 1084 patrueli
1545 1030 1643 1066 suo
1682 1006 2057 1066 in'consulatu
2099 1030 2219 1066 suc-

342 1128 585 1176 cesserat.
638 1122 808 1175 Nemo
862 1137 986 1189 ergo
1042 1137 1146 1172 non
1202 1119 1465 1187 intelliget
1502 1118 1719 1170 fratrem
1755 1118 2048 1187 patruelem
2089 1134 2221 1171 eun-

342 1231 461 1283 dem
515 1245 631 1283 esse
683 1245 745 1280 ac
799 1227 1061 1294 Marcum,
1115 1227 1208 1294 qui
1259 1225 1537 1278 nonnullis
1587 1223 1833 1277 versibus
1885 1227 2008 1275 ante
2054 1224 2223 1275 nomi-

342 1340 502 1388 natus
543 1339 638 1387 est.

418 1439 582 1492 Nullo
623 1441 790 1508 igitur
832 1455 936 1491 usu
978 1443 1057 1490 est
1098 1439 1227 1490 haec
1265 1437 1627 1506 praenominis
1667 1436 1926 1504 repetitiO,
1948 1450 2085 1503 quae
2106 1450 2222 1487 eam

346 1546 411 1598 ob
471 1562 687 1598 causam
750 1545 905 1597 valde
957 1548 1206 1613 suspecta
1258 1543 1387 1595 midi
1428 1543 1653 1595 videtur.
1698 1542 1976 1594 Glossema
2015 1540 2067 1592 id
2110 1556 2227 1594 esse

346 1667 665 1721 persuasum
705 1650 889 1718 habe0,
929 1649 1074 1718 quod
1115 1665 1144 1701 e
1184 1649 1424 1718 margine
1462 1650 1518 1699 in
1560 1652 1768 1700 textum
1813 1647 2072 1716 migravit.

667 1867 791 1934 Cap.
854 1869 938 1919 30.
995 1867 1071 1919 Et
1123 1870 1449 1933 praetextum
1507 1864 1711 1935 quidem
1752 1863 1833 1916 illi
1872 1861 2099 1915 civilium
2137 1878 2226 1913 ar-

724 1989 928 2025 morum
981 1971 1072 2024 hoc
1122 1971 1247 2040 fuit,
1301 1987 1488 2023 causas
1527 1973 1702 2022 autem
1740 1969 1878 2021 alias
1917 1967 2082 2036 fuisse
2121 1966 2228 2032 opi-

720 2083 940 2130 namur.

427 2276 557 2328 Post
608 2276 980 2328 Burmannum
1029 2273 1259 2326 multum
1302 2273 1367 2325 de
1406 2273 1504 2323 hoc
1543 2271 1657 2322 loco
1699 2271 2110 2339 disputaverunt
2148 2271 2230 2320 in-

351 2385 620 2450 terpretes.
661 2380 1011 2432 Burmannus
1052 2380 1193 2431 enim
1236 2378 1463 2429 coniecit
1503 2381 1626 2428 ante
1661 2374 1799 2427 alias
1828 2374 2093 2427 excidisse
2125 2373 2233 2426 alii.

356 2485 528 2548 Quam
586 2486 1012 2539 emendationem
1071 2501 1178 2537 non
1237 2484 1591 2536 necessariam
1653 2483 1983 2550 putaverunt
2039 2478 2235 2532 Ernes-

348 2593 477 2659 ,tius,
544 2589 971 2660 OudendorpiuS,
1037 2589 1277 2656 CrusiUS,
1329 2587 1573 2640 Wolfius.
1633 2587 1871 2638 Annotat
1924 2583 2236 2637 Oudendor-

356 2698 509 2764 pius:
576 2696 949 2763 „Accederem,
1010 2696 1055 2747 si
1116 2694 1408 2747 Suetonius
1461 2693 1761 2761 scripsisset
1811 2706 2026 2742 causam
2065 2688 2235 2740 aliam.

358 2800 460 2853 Sed
514 2817 634 2852 cum
677 2802 733 2851 in
775 2799 970 2868 plurali
1009 2798 1147 2850 alias
1186 2798 1398 2864 dixerit,
1439 2813 1546 2848 non
1587 2795 1745 2847 modo
1786 2810 1895 2846 non
1937 2793 2238 2845 necessaria
2301 2791 2319 2839 s

359 2910 441 2957 est
493 2922 603 2957 vox
654 2904 761 2972 alii,
812 2908 872 2956 ut
924 2907 1103 2956 censet
1143 2902 1441 2969 Ernestius,
1481 2905 1533 2953 at
1573 2904 1716 2969 patet
1756 2903 2025 2951 auctorem
2067 2896 2239 2949 brevi·

358 3015 439 3062 ter
476 3012 721 3062 innuisse
759 3011 1000 3078 opinatos
1041 3024 1158 3061 esse
1198 3008 1454 3069 homineS,
1492 3006 1661 3058 fuisse
1700 3004 1910 3057 Caesari
1951 3003 2082 3054 alias
2116 3017 2239 3053 cau-

362 3132 447 3167 sas
494 3113 629 3168 etc.'’
670 3114 847 3180 Recte,
887 3114 978 3166 sed
1020 3116 1194 3164 exstat
1234 3112 1351 3178 alia,
1389 3111 1712 3179 graviorque
1752 3124 1928 3173 causa,
1969 3122 2065 3158 cur
2103 3105 2240 3158 Bur-

364 3220 545 3269 manni
585 3219 942 3270 coniecturam
984 3217 1221 3284 accipere
1260 3231 1364 3266 non
1407 3215 1703 3283 possimus,
1747 3228 1859 3264 eam
1905 3211 2053 3263 volo:
2097 3209 2241 3279 quod

361 3325 454 3375 illa
505 3324 729 3375 mutatio
781 3338 1000 3375 sensum
1054 3321 1306 3389 depravat
1359 3324 1411 3371 et
1457 3318 1720 3370 obscurat.
1763 3315 1903 3378 Quid
1943 3316 2084 3368 enim
2125 3313 2242 3366 vult

364 3428 588 3480 auctor?
630 3427 777 3479 Inter
817 3443 874 3479 se
912 3426 1130 3494 opponit
1161 3427 1497 3494 praetextum
1537 3428 1589 3475 et
1627 3437 1831 3489 causae,
1865 3422 1900 3474 i.
1923 3436 1995 3472 e.:
2031 3435 2243 3471 causam

361 3533 539 3598 fictam
591 3536 773 3583 contra
825 3547 999 3582 vera-m
1045 3545 1271 3581 causam.
1312 3528 1395 3578 Ex
1437 3527 1622 3578 ordine
1666 3524 2040 3576 vocabulorum
2084 3539 2241 3590 appa-
