2462 4186
1181 444 1246 494 57

655 619 782 667 tunc
833 615 1127 668 exulantem
1183 616 1314 683 leqit,
1367 618 1812 687 interroyatusque
1864 619 1930 680 ab
1984 635 2039 671 eo
2077 636 2149 671 an

649 725 817 772 essent
871 720 964 772 aliz·
1000 720 1271 788 diynioreS,
1306 738 1334 772 s
1353 738 1391 773 u
1413 738 1452 774 u
1472 739 1523 773 m
1561 740 1589 791 q
1611 739 1650 774 u
1670 740 1696 774 e
1715 739 1766 774 m
1785 739 1813 791 q
1834 739 1873 775 u
1893 740 1919 775 e
1960 723 2034 775 iu
2056 723 2092 776 d
2111 726 2151 775 ι’-

654 823 844 875 cium
883 823 1161 876 habere
1199 825 1476 893 respondit.

353 1027 543 1080 Denuo
585 1030 831 1081 venimus
872 1029 937 1080 ad
976 1029 1153 1081 locum
1194 1030 1258 1081 de
1298 1047 1404 1098 quo
1443 1030 1562 1082 fuse
1603 1031 2008 1098 disputaverunt
2051 1032 2149 1081 viri

284 1133 436 1184 docti.
491 1132 843 1184 Consentiunt
883 1149 1067 1186 omnes
1104 1133 1213 1186 fere
1252 1123 1565 1203 interpretes
1608 1135 1694 1185 hic
1734 1135 2048 1202 particulam
2082 1151 2154 1186 an

283 1237 528 1304 scriptam
569 1253 685 1289 esse
723 1254 818 1306 pro
858 1254 1050 1289 annon.
1090 1237 1283 1290 Nostra
1325 1255 1541 1307 quoque
1582 1243 1766 1306 aetate,
1805 1240 1860 1289 in
1902 1240 2151 1291 recentis-

282 1341 415 1392 sima
473 1341 628 1393 Vitae
678 1343 914 1410 Augusti
954 1342 1200 1409 editione,
1241 1359 1399 1410 quam
1443 1344 1648 1395 curavit
1691 1344 1770 1394 vir
1810 1343 2150 1395 doctissimus

282 1444 341 1496 E.
400 1444 449 1496 S.
509 1444 864 1514 Shuckburgh
918 1445 1267 1515 (Cambridge,
1323 1447 1508 1514 1896.),
1546 1447 1775 1516 legimus
1816 1449 1871 1498 in
1911 1448 2151 1515 prolego-

284 1551 469 1617 meniS,
509 1550 602 1602 ubi
641 1567 808 1619 pauca
850 1556 1027 1604 monet
1065 1552 1233 1604 editor
1267 1552 1330 1604 de
1362 1551 1603 1604 Suetonii
1626 1553 1892 1606 scribendi
1915 1555 2148 1605 ratione:

288 1654 402 1720 „for
438 1670 616 1707 annon
655 1656 720 1708 he
760 1656 853 1707 has
893 1655 1017 1707 an’'.
1057 1655 1161 1708 Sed
1201 1656 1384 1708 nullus
1424 1656 1561 1709 alius
1601 1658 1657 1708 in
1692 1655 1945 1709 Suetonio
1968 1673 2151 1708 occur-

282 1759 352 1810 rit
408 1758 573 1826 locus,
633 1758 726 1811 ubi
786 1760 861 1811 sic
920 1759 1159 1827 loquitur
1210 1764 1262 1812 et
1299 1759 1522 1812 firmiter
1560 1776 1695 1829 nego
1736 1776 1804 1812 ex
1845 1761 2008 1812 unius
2048 1761 2152 1811 loci

285 1863 529 1931 exemplo
589 1863 795 1916 efficere
852 1865 1056 1932 aliquid
1113 1865 1273 1917 licere
1325 1865 1389 1917 de
1429 1865 1701 1933 scriptoris
1741 1865 1892 1931 style.
1935 1864 2154 1917 Monent

285 1972 337 2019 et
393 1972 596 2020 veteres
655 1972 708 2020 et
765 1970 1088 2022 recentiores
1147 1970 1488 2037 interpretes:
1556 1968 1680 2035 „An
1720 1985 1876 2038 saepe
1915 1969 2019 2020 (1101
2058 1985 2152 2037 pro

284 2087 482 2138 annon,
542 2077 599 2124 ut
656 2065 750 2136 ἆραι
809 2088 903 2141 pro
963 2065 1036 2137 ἆρ’
1088 2073 1138 2124 οὐ
1192 2078 1242 2125 et
1281 2073 1562 2125 encliticon
1601 2089 1667 2124 ne
1703 2090 1798 2142 pro
1837 2089 2006 2125 nonne
2044 2089 2152 2124 non

285 2175 527 2243 ignotum
590 2181 669 2228 est
728 2182 779 2228 et
838 2181 980 2245 patet
1038 2193 1078 2229 e.
1119 2195 1167 2246 g.
1219 2193 1247 2229 e
1300 2176 1569 2230 Ciceronis
1620 2178 1763 2230 loco:
1818 2177 1898 2229 De
1950 2177 2153 2246 officiiS,

286 2278 397 2331 Lib.
450 2280 490 2331 Ι.
537 2297 580 2334 0.
641 2282 724 2348 15,
778 2283 826 2349 5,
868 2281 959 2334 ubi
997 2282 1256 2351 legimus:
1303 2282 1602 2350 „Quidnam
1628 2324 1639 2337 .
1666 2324 1678 2337 .
1705 2324 1714 2335 .
1740 2323 1752 2335 .
1793 2283 1965 2336 facere
2004 2283 2153 2336 debe-

287 2385 448 2436 mus?
485 2385 575 2436 An
613 2387 811 2437 imitari
856 2403 1009 2455 agros
1047 2386 1248 2439 fertiles
1264 2386 1325 2438 ?''
1365 2386 1470 2439 Sed
1511 2389 1604 2439 vix
1642 2388 1727 2439 hic
1757 2388 1909 2439 locus
1930 2386 2154 2456 probare

285 2494 458 2559 potest
498 2491 641 2559 quod
682 2491 868 2544 volunt
907 2492 1059 2559 docti,
1099 2509 1221 2544 nam
1259 2493 1373 2561 ipse
1413 2497 1493 2545 est
1532 2493 1728 2545 dubius
1769 2498 1821 2545 et
1858 2497 2153 2561 corruptus.
2194 2553 2197 2556 ¹

295 2595 519 2664 Vulgata
557 2600 696 2649 certe
736 2597 822 2648 hic
864 2598 1057 2649 omittit
1096 2613 1218 2665 non,
1258 2598 1351 2650 sed
1387 2599 1567 2667 plures
1607 2599 1711 2650 iam
1753 2598 1962 2650 codices
1997 2598 2152 2649 aliam

286 2700 538 2768 praebent
593 2701 894 2768 lectionem,
953 2717 1182 2769 quorum
1243 2703 1555 2753 auctoritate
1613 2703 1776 2769 nisae,
1838 2702 2153 2753 vetustiores

289 2821 504 2873 quoque
543 2806 816 2873 editioneS,
857 2806 972 2858 dico
1011 2807 1272 2874 Ascensii,
1312 2806 1631 2873 Facciolatii,
1676 2805 2155 2874 Oliveti,Ernestii,

289 2910 632 2962 inseruerunt
685 2926 806 2977 non,
865 2927 1025 2978 quam
1085 2911 1362 2963 lectionem
1425 2915 1606 2963 nostro
1669 2912 1881 2963 saeculo
1935 2912 2155 2963 retinuit

291 3012 343 3064 C.
385 3013 539 3065 Beier
577 3012 816 3082 (Lipsiae,
859 3015 1033 3080 1820).
1071 3013 1276 3067 Revera
1316 3031 1502 3083 parum
1545 3020 1664 3083 apte
1704 3016 1788 3066 hic
1827 3015 1979 3067 locus
2013 3031 2154 3067 com-

290 3122 505 3186 paratus
565 3122 644 3169 est
684 3134 805 3169 cum
847 3117 1088 3170 Suetonii
1127 3118 1257 3186 loce,
1297 3120 1444 3170 varia
1482 3120 1623 3171 enim
1665 3120 1826 3171 variis
1864 3120 1994 3171 locis
2034 3136 2153 3171 nar-

291 3227 492 3289 rantur,
534 3224 784 3291 variaque
824 3227 1167 3292 quaeruntur.

365 3326 443 3378 Ea
482 3331 658 3379 autem
697 3332 748 3379 et
787 3327 954 3379 multa
992 3327 1108 3395 alia,
1147 3343 1284 3395 quae
1322 3329 1378 3378 in
1419 3327 1851 3380 annotationibus
1886 3343 2152 3380 commen-

293 3431 548 3498 tariisque
584 3434 945 3483 tractaverunt
985 3432 1085 3482 viri
1125 3431 1262 3483 docti
1296 3431 1506 3483 silentio
1546 3433 1828 3499 praeterire
1850 3447 2154 3499 possumuS,

297 3535 440 3604 quod
497 3537 675 3587 minus
727 3535 793 3587 ad
832 3551 942 3587 rem
981 3535 1196 3588 faciunt.
1237 3535 1299 3587 Id
1340 3552 1507 3587 unum
1549 3535 1910 3604 quaerendum
1950 3540 2055 3587 est:
2097 3535 2153 3587 Si
