2462 4186
1106 473 1169 522 15

194 650 286 702 sed
340 667 370 701 a
422 649 595 715 verb0‚
646 666 751 701 non
807 650 1016 717 script0,
1056 648 1196 715 clare,
1237 653 1288 701 et
1327 651 1404 700 sic
1442 649 1785 717 intelligenda
1826 654 1905 702 est
1945 666 2064 701 sen-

193 756 358 807 tentia
411 759 616 806 nostra:
673 753 864 805 Caesar
918 753 1198 820 dilargitus
1252 758 1331 804 est
1370 758 1543 804 cetera
1582 753 1647 804 ad
1687 753 1964 804 arbitrium
2006 741 2067 803 ac

194 859 337 910 dedit
376 860 572 926 cuique
610 874 684 925 ea,
726 873 862 925 quae
902 856 1004 908 sibi
1046 855 1292 922 (Caesari)
1334 857 1458 908 dare
1497 856 1755 908 libuisset.

496 1072 619 1141 Gap.
666 1062 760 1124 29.
820 1073 1106 1124 Commotus
1157 1071 1236 1123 his
1293 1072 1498 1137 Caesar,
1537 1088 1597 1123 ac
1631 1071 1889 1139 iudicans,
1927 1074 2064 1141 quod

563 1195 713 1246 saepe
750 1195 813 1230 ea·
851 1194 906 1229 eo
943 1177 1185 1229 auditum
1225 1177 1440 1244 ferunt:
1484 1176 1793 1245 „difficilius
1830 1195 1883 1230 se
1913 1180 2064 1243 prin-

565 1284 719 1351 cipem
761 1284 984 1335 civitatis
1022 1300 1053 1334 a
1082 1284 1255 1348 primo
1288 1283 1468 1335 ordine
1499 1284 1559 1334 in
1590 1283 1887 1351 secundum,
1908 1301 2065 1353 quam

562 1406 625 1440 ea:
675 1389 899 1440 secundo
949 1389 1012 1440 in
1064 1389 1399 1440 novissimum
1438 1387 1695 1450 detrudi’'‚
1733 1405 1939 1440 summa
1977 1405 2067 1454 ope

561 1494 770 1546 restitit.

267 1689 329 1740 [n
372 1689 564 1756 verbiS,
605 1705 673 1741 ex
714 1705 803 1741 ore
845 1688 1086 1741 Caesaris
1126 1690 1314 1755 citatiS,
1354 1705 1574 1757 prorsus
1613 1689 1889 1741 abundant
1912 1705 2064 1740 voca·

196 1795 350 1847 bula:
399 1795 685 1860 principem
737 1794 972 1846 civitatis
1016 1794 1080 1844 In
1117 1794 1297 1845 codice
1335 1792 1566 1845 Vindob.
1606 1811 1683 1862 pr.
1724 1810 1830 1845 non
1872 1794 2068 1862 legitur

193 1916 483 1969 pronomen
534 1916 600 1952 se.
652 1899 803 1965 Male,
843 1916 965 1950 nam
1001 1899 1261 1950 sententia
1300 1902 1479 1950 nostra
1518 1914 1625 1949 non
1666 1898 1823 1950 habet
1863 1898 2065 1966 signifi-

194 2007 454 2058 cationem
505 2005 820 2076 generalem.
873 2002 1126 2071 Princeps
1175 2002 1398 2068 civitatis
1443 2007 1555 2054 erat
1594 2003 1783 2054 titulus
1825 2002 2064 2054 Caesaris

194 2116 245 2164 et
296 2111 585 2163 absurdum
640 2115 719 2162 est
763 2110 976 2161 credere
1016 2108 1307 2174 Caesarem,
1348 2109 1413 2160 de
1452 2114 1616 2170 semet
1655 2111 1771 2177 ipso
1811 2110 2064 2171 locutum,

195 2217 339 2268 hunc
378 2216 613 2282 titulum,
651 2216 806 2283 plane
846 2230 1258 2282 supervacuum,
1297 2230 1504 2282 semper
1544 2214 1868 2281 repetivisse.
1907 2213 2063 2265 Prin-

196 2337 312 2385 ceps
366 2320 591 2371 civitatis
650 2322 913 2387 nusquam
975 2318 1100 2369 alibi
1161 2334 1277 2370 esse
1335 2323 1520 2386 potest,
1581 2310 1741 2385 quam
1795 2319 1849 2369 in
1891 2319 2065 2386 primo

196 2425 395 2491 ordine,
454 2429 615 2492 atque
672 2425 838 2492 igitur
894 2423 1051 2474 credo
1110 2422 1367 2474 vocabula
1419 2423 1706 2487 principem
1764 2423 1984 2475 civitatis
2038 2441 2067 2474 a

194 2530 500 2598 glossatoris
558 2545 718 2580 manu
777 2529 1137 2596 suprascripta
1189 2543 1306 2579 esse
1353 2527 1528 2579 verbis
1561 2528 1737 2595 primo
1770 2527 1966 2593 ordine,
2008 2533 2066 2580 ut

195 2634 552 2702 explicaretur
611 2632 885 2685 Caesarem
938 2648 1119 2684 revera
1173 2634 1405 2700 primum
1459 2634 1514 2683 in
1554 2631 1846 2700 Republica
1885 2637 2066 2684 tenere

195 2739 386 2790 locum.
427 2737 666 2790 Delenda
706 2754 831 2805 ergo
871 2741 1012 2789 sunt.

269 2843 458 2895 Paullo
498 2842 637 2893 infra
676 2843 805 2894 haec
845 2842 1103 2909 legimus:

495 3068 797 3138 Insequenti
853 3083 1049 3136 quoque
1105 3083 1265 3133 anno,
1330 3066 1395 3119 G.
1451 3066 1717 3133 Marcelle,
1770 3068 1864 3136 qui
1903 3067 2071 3135 fratri

565 3172 802 3238 patrueli.
861 3188 972 3238 suo,
1040 3171 1241 3238 Mar00,
1298 3172 1357 3221 in
1413 3171 1685 3223 consulatu
1742 3176 2067 3238 successerat,

566 3277 742 3329 eadem
780 3280 1038 3328 tentante.
1062 3316 1072 3326 .
1094 3316 1104 3326 .
1126 3315 1137 3326 .
1173 3274 1471 3341 defensores
1505 3276 1730 3340 paravit.

274 3472 499 3524 Easdem
540 3472 666 3524 -fere
718 3471 783 3522 ob
836 3487 1026 3522 causas
1077 3471 1174 3520 hac
1212 3471 1266 3520 in
1310 3473 1572 3522 sententia
1611 3476 1739 3539 puto
1781 3472 2063 3523 delendum

202 3590 318 3627 esse
376 3591 566 3626 nomen
626 3575 895 3643 proprium
958 3573 1157 3624 Marco.
1201 3571 1381 3640 Capite
1421 3576 1559 3625 enim
1603 3575 1945 3642 praecedente
1986 3574 2066 3626 bis
