2462 4186
1177 493 1245 541 33

264 669 616 720 narrationem
659 668 917 719 veriorem
960 683 1119 734 quam
1162 666 1557 718 clementiorem
1590 666 1786 717 fecerit.
1810 665 1964 716 Vivis
1990 665 2127 716 colo-

262 773 413 825 ribus
466 773 602 824 hanc
642 772 881 841 depingit
917 771 1116 840 fugam,
1150 775 1211 822 ut
1248 771 1450 822 hostem
1495 787 1654 822 suum
1696 786 1857 838 quam
1898 770 2134 820 maxima

263 877 482 929 infamia
533 876 825 944 adspergat.
877 874 1071 926 Narrat
1120 890 1244 942 ergo
1283 875 1592 942 Augustum
1632 877 1749 942 post
1788 872 2011 924 biduum
2050 889 2134 940 ap·

263 982 505 1051 paruisse
552 982 668 1033 sine
705 980 1095 1049 paludamentO,
1133 980 1167 1030 i.
1188 995 1258 1032 e.:
1301 980 1417 1031 sine
1460 978 1708 1031 omnibus
1732 979 1948 1029 honoris
1969 978 2134 1045 insig-

263 1086 437 1139 nibus.
489 1085 651 1137 Haud
703 1085 864 1137 dubie
917 1086 1089 1154 turpis
1127 1085 1228 1136 hoc
1267 1088 1379 1136 erat
1416 1083 1574 1152 fugae
1614 1087 2006 1151 argumentum.
2047 1082 2135 1134 Sic

262 1191 400 1259 fugit
440 1190 726 1259 Pompeius
756 1190 906 1258 ‘apud
945 1189 1261 1241 Pharsalum
1309 1189 1589 1255 „detractis
1628 1187 1931 1256 insignibus
1970 1189 2135 1255 impe-

264 1294 502 1347 ratoris''.
540 1293 706 1359 (Caes
746 1294 806 1346 B.
849 1293 958 1345 Giv.
997 1292 1109 1345 Lib.
1147 1293 1245 1360 ΙΙΙ,
1285 1309 1327 1344 0.
1370 1293 1493 1359 96);
1530 1293 1606 1344 sic
1628 1291 1825 1344 Sextus
1845 1291 2133 1359 Pompeius

265 1400 384 1465 (Dio
426 1400 658 1468 Cassius,
697 1400 809 1452 Lib.
849 1399 1072 1467 XLIX),
1111 1416 1248 1463 nam,
1289 1403 1348 1451 ut
1380 1403 1524 1451 recte
1545 1402 1765 1450 annotat
1784 1397 2134 1449 Burmannus

264 1505 331 1557 ad
388 1505 564 1557 locum
623 1508 903 1556 nostrum:
970 1503 1063 1570 „In
1124 1519 1334 1556 summo
1393 1502 1628 1571 periculo
1680 1505 1773 1553 aut
1822 1501 1951 1569 fuga
1991 1501 2134 1552 soliti

266 1610 428 1663 duces
486 1610 862 1679 paludamenta
918 1606 1166 1677 ponere'',
1223 1623 1291 1659 ne
1348 1607 1479 1674 quid
1537 1605 1827 1674 fugientem
1878 1605 2134 1673 impedire

264 1719 449 1786 possit.
499 1715 831 1768 Vestimenta
884 1729 1139 1782 armaque
1191 1713 1370 1764 deiicit
1421 1712 1718 1779 imperator,
1757 1710 1849 1762 sed
1891 1711 1984 1760 vix
2023 1725 2133 1761 cre-

266 1821 426 1874 dibile
482 1826 564 1874 est
613 1837 735 1873 eum
792 1836 859 1872 ex
913 1835 1051 1887 equo
1092 1835 1331 1891 unqu-am
1372 1816 1708 1869 descendisse
1748 1832 1809 1868 eo
1849 1819 2135 1884 momento,

267 1943 373 1996 quo
433 1942 703 1979 summum
761 1924 1076 1993 periculum,
1134 1925 1299 1974 immo
1360 1926 1599 1988 mortem,
1650 1937 1809 1989 quam
1860 1921 2133 1973 celerrime

266 2033 465 2085 evitare
504 2034 740 2083 conatur.
782 2058 785 2063 ·

340 2134 546 2188 Deinde
601 2134 755 2186 facile
811 2133 1065 2201 explicari
1123 2147 1230 2182 non
1291 2131 1457 2199 possit
1509 2145 1606 2181 cur
1656 2129 1893 2197 Augusti
1932 2128 2136 2180 reditus

245 2217 386 2309 11081
437 2240 661 2292 biduum
714 2240 922 2307 turpior
974 2239 1042 2289 sit
1094 2238 1209 2289 sine
1262 2252 1400 2304 equo
1442 2251 1604 2303 quam
1645 2250 1766 2286 cum
1810 2250 1978 2302 equ03
2022 2234 2136 2286 sine

268 2345 430 2397 dubio
489 2345 771 2413 Augustus
827 2343 1040 2411 fugiens
1091 2346 1198 2393 tam
1252 2357 1449 2409 equum
1493 2356 1653 2391 suum
1694 2339 1934 2391 amittere
1975 2355 2135 2406 quam

267 2466 467 2502 novum
508 2449 750 2500 invenire
789 2451 1006 2516 poterat.
1041 2445 1143 2498 Sed
1184 2461 1368 2498 revera
1407 2445 1541 2496 nihil
1579 2460 1752 2512 equus
1790 2444 1880 2496 ille
1923 2443 1987 2495 ad
2009 2459 2137 2510 rem,

267 2555 402 2607 nihil
441 2554 508 2606 ad
543 2553 703 2622 fugae
740 2552 1012 2605 reditusve
1051 2550 1451 2619 turpitudinem.

342 2660 519 2711 Aliam
560 2675 684 2726 ergo
722 2674 833 2710 rem
876 2656 1031 2709 nobis
1062 2656 1359 2707 Antonium
1395 2654 1694 2705 narravisse
1714 2654 1971 2721 suspicor,
1992 2668 2136 2704 men-

268 2765 575 2831 tionemque
612 2762 801 2832 fecisse
842 2777 948 2812 non
988 2760 1106 2829 equi
1143 2759 1236 2812 sed
1275 2757 1453 2828 clypei.
1489 2758 1722 2834 Aeterna
1754 2758 1896 2808 enim
1917 2755 2138 2807 infamia

269 2876 375 2921 tam
435 2867 576 2936 apud
633 2866 917 2931 RomanOS,
976 2881 1136 2933 11113111
1196 2863 1337 2932 apud
1390 2861 1619 2914 Graecos
1670 2860 1888 2927 laborat,
1928 2875 2137 2911 summo

271 2973 526 3025 dedecore
583 2971 818 3039 operitur
875 2970 939 3034 is,
996 2969 1090 3036 qui
1146 2969 1201 3018 in
1256 2966 1456 3035 proelio
1514 2965 1762 3032 clypeum
1802 2963 2005 3015 abiecit.
2045 2962 2141 3015 Uti

273 3079 465 3130 unicus
524 3077 721 3128 ducum
782 3078 1112 3125 mortuorum
1172 3073 1229 3122 in
1287 3072 1400 3123 acie
1459 3071 1642 3135 honor,
1694 3069 1748 3119 in
1801 3068 1987 3135 clypeo
2044 3083 2141 3118 8110

273 3182 460 3247 efferri,
499 3182 572 3231 ita
611 3194 881 3231 summum
923 3176 1153 3242 dedecus
1193 3176 1248 3225 in
1289 3190 1471 3242 pugna
1510 3173 1663 3224 illum
1703 3170 1972 3223 abiecisse.
2014 3170 2143 3221 Post

273 3288 495 3340 biduum
537 3284 741 3337 demum
779 3283 1064 3350 Augustus
1103 3283 1332 3348 apparet,
1370 3280 1402 3329 1.
1426 3294 1496 3330 e.:
1539 3293 1648 3328 non
1690 3277 1885 3327 mansit
1919 3276 1974 3325 in
1998 3279 2143 3327 exer-

274 3394 412 3444 citus
471 3391 557 3442 sui
614 3389 824 3454 vicinia,
880 3386 1023 3454 quod
1075 3384 1234 3453 pedes
1285 3383 1428 3435 haud
1468 3381 1627 3434 dubie
1664 3381 1835 3432 facere
1875 3379 2144 3445 debuerat,

275 3496 368 3548 sed
408 3495 640 3546 multum
681 3492 874 3545 erravit
912 3494 963 3542 et
1002 3505 1096 3558 per
1132 3490 1319 3557 longas
1354 3486 1603 3554 ambages
1637 3485 1703 3536 ad
1739 3488 1910 3535 castra
1930 3483 2143 3535 tandem

280 3601 449 3653 rediit.
500 3598 656 3650 Redit
705 3597 925 3649 abiectis
972 3593 1221 3646 omnibus
1262 3593 1477 3644 honoris
1516 3588 1836 3657 insignibuS,
1878 3588 2034 3651 unde,
2074 3602 2147 3638 se-

1959 3681 1987 3721 3
