2462 4186
1283 424 1353 474 34

373 598 612 650 cundum
667 599 981 665 Antonium,
1021 605 1237 666 apparet
1289 600 1518 667 turpiter
1555 602 1608 650 et
1646 598 1832 651 timide
1871 614 1994 651 eum
2034 598 2252 668 fugisse.

376 701 495 764 Qua
551 703 616 756 de
667 719 829 755 causa
884 703 1167 772 legendum
1211 708 1370 772 puto:
1413 703 1525 755 sine
1552 702 1929 772 paludamento
1967 702 2252 770 clypeoque.

446 807 675 877 Rogabit
728 810 983 860 nimirum
1025 809 1249 878 aliquis:
1298 807 1471 876 „Quid
1514 809 1637 861 duci
1678 826 1802 861 cum
1844 810 2030 878 clypeo
2047 809 2126 878 ?’',
2164 813 2253 862 cui

371 912 695 980 respondeo:
739 914 936 981 optime
977 929 1106 965 sane
1142 915 1253 965 scio
1295 914 1457 981 vulgo
1498 913 1661 965 duces
1703 929 1884 965 secum
1927 930 2035 965 non
2065 914 2255 967 tulisse

370 1019 586 1087 clypeos
627 1019 712 1070 vel
754 1024 920 1085 scuta,
961 1018 1070 1085 sed,
1111 1019 1155 1071 si
1189 1023 1331 1071 recte
1366 1018 1595 1087 legimus
1616 1018 1859 1071 Suetonii
1881 1021 2253 1087 narrationem,

369 1125 414 1175 si
457 1124 702 1176 videmus
744 1128 971 1192 utraque
993 1129 1140 1192 parte
1161 1125 1419 1176 acerrime
1441 1128 1740 1192 pugnatum
1763 1125 2252 1194 esse,Augustum-

370 1245 475 1297 que
534 1230 590 1280 in
646 1245 857 1280 summo
911 1233 1180 1280 versatum
1222 1244 1339 1281 esse
1377 1228 1631 1296 pericu10,
1671 1230 1716 1280 si
1756 1245 1913 1297 porro
1954 1231 2252 1298 cogitamus

367 1335 432 1386 de
492 1338 730 1387 veterum
793 1334 1069 1403 pugnandi
1121 1335 1342 1400 ratione,
1382 1349 1521 1402 quae
1558 1334 1717 1402 longe
1757 1334 1930 1386 differt
1969 1352 1999 1386 a
2038 1339 2252 1387 nostrae

367 1441 552 1492 aetatis
612 1456 759 1492 more
813 1471 880 1477 —
937 1456 1061 1491 nam
1118 1443 1323 1492 veteres
1364 1439 1528 1491 duces
1566 1455 1674 1490 non
1714 1439 1886 1492 solum
1930 1444 2251 1509 spectatores

365 1550 517 1598 erant
557 1561 586 1598 e
625 1546 759 1598 colle
800 1546 1117 1614 propinque,
1159 1549 1218 1596 ut
1259 1544 1417 1597 hodie
1457 1546 1644 1612 solent,
1684 1545 1778 1597 sed
1818 1561 2004 1597 revera
2043 1563 2248 1615 pugna-

365 1649 492 1702 bant
551 1652 693 1703 inter
746 1651 877 1703 alios
917 1681 1009 1719 —,
1048 1650 1237 1719 procul
1278 1649 1442 1701 dubio
1483 1651 1721 1718 accipere
1760 1666 2051 1718 possumus
2091 1652 2248 1703 etiam

363 1756 528 1807 duces
583 1757 637 1807 in
695 1755 895 1824 proelio
949 1756 1246 1823 sumpsisse
1293 1758 1445 1806 scuta
1485 1759 1546 1806 ut
1586 1770 1643 1806 se
1685 1754 2027 1807 defenderent
2066 1760 2250 1807 contra

365 1861 597 1912 hostium
657 1860 864 1929 gladios
917 1861 1218 1928 sagittasve.
1274 1858 1396 1927 Cur,
1439 1875 1653 1927 quaese,
1694 1859 1818 1911 duci
1858 1876 1966 1911 non
2007 1859 2249 1912 licuisset

364 1981 421 2016 se
462 1964 771 2030 defendere3
817 1981 923 2033 qua
962 1964 1027 2016 de
1068 1980 1230 2016 causa
1269 1964 1436 2015 coacti
1478 1968 1657 2016 essent
1689 1964 2033 2032 imperatores
2055 1980 2247 2033 corpus

366 2061 640 2139 vitamque
680 2086 946 2138 exponere
987 2070 1241 2138 periculis
1281 2071 1398 2121 sine
1436 2069 1545 2121 ulla
1586 2069 1930 2121 defensione?

441 2174 653 2244 Ubique
709 2175 820 2228 fere
877 2179 1054 2227 tacent
1106 2175 1171 2227 de
1211 2176 1308 2227 hac
1348 2175 1660 2243 quaestione
1700 2175 1986 2243 scriptores
2027 2179 2246 2243 vetereS,

364 2283 456 2334 sed
499 2298 642 2334 unus
682 2285 856 2334 exstat
895 2282 1061 2348 locus,
1102 2282 1196 2349 qui
1238 2281 1392 2332 valde
1432 2279 1661 2332 affirmat
1701 2281 2005 2348 opinionem
2049 2296 2236 2333 meam.

361 2387 564 2440 Locum
606 2387 725 2439 volo
765 2387 908 2455 apud
948 2386 1177 2453 Livium,
1216 2385 1310 2438 ubi
1353 2386 1417 2437 de
1454 2384 1663 2438 Tiberio
1705 2385 1942 2437 Graccho
1965 2387 2042 2438 sic
2066 2390 2245 2438 narrat

360 2491 494 2557 (Lib.
553 2492 733 2544 XXV.
795 2509 836 2544 c.
900 2492 966 2543 16
1029 2493 1060 2559 ξ
1122 2493 1238 2558 21):
1297 2493 1469 2559 „inter
1520 2492 1649 2544 haec
1689 2492 1828 2544 dicta
1867 2493 2243 2561 paludamento

361 2599 499 2650 circa
557 2598 768 2650 laevum
830 2597 1107 2650 brachium
1166 2599 1364 2649 intorto
1423 2628 1490 2634 —-
1553 2613 1675 2649 nam
1730 2613 1797 2649 ne
1836 2603 1987 2650 scuta
2025 2598 2239 2666 quidem

362 2704 668 2755 extulerant
707 2734 774 2742 -—
818 2705 874 2754 in
916 2704 1083 2756 hostis
1122 2704 1382 2771 impetum
1423 2701 1597 2754 fecit’'.

435 2807 692 2877 Legimus
734 2824 859 2877 ergo
902 2807 1219 2874 Gracchum,
1259 2808 1464 2872 ducem,
1504 2807 1881 2875 paludamento
1922 2823 2082 2860 usum
2123 2823 2242 2860 esse

362 2918 635 2982 tamquam
695 2919 862 2981 sente,
900 2915 932 2965 i.
974 2929 1044 2966 e.:
1086 2914 1162 2965 sic
1202 2914 1325 2981 agit,
1363 2913 1490 2981 quia
1530 2917 1679 2964 scuta
1718 2928 1898 2964 secum
1941 2928 2047 2965 non
2084 2917 2240 2965 extu-

360 3019 546 3085 lerant,
585 3036 725 3086 nam,
765 3020 810 3071 si
852 3023 1003 3071 scuta
1042 3019 1107 3070 ad
1148 3033 1340 3070 manus
1380 3017 1622 3080 fuissent,
1656 3019 1772 3070 sine
1804 3017 1967 3069 dubio
1989 3017 2235 3087 clypeum

359 3125 599 3192 cepisset.
659 3123 886 3176 Disertis
942 3122 1123 3175 verbis
1183 3123 1268 3174 hic
1321 3127 1500 3174 narrat
1539 3121 1726 3175 Livius
1764 3122 1820 3173 id
1858 3124 2054 3191 ipsum,
2093 3122 2237 3191 quod

359 3230 693 3297 quaerimus:
755 3228 812 3281 Si
870 3227 1183 3296 pugnabant
1235 3227 1399 3279 duces
1450 3226 1694 3294 Romani,
1746 3227 1932 3279 eodem
1978 3227 2135 3278 modo
2174 3243 2236 3278 ac

360 3334 571 3401 militeS,
611 3335 774 3386 armis
813 3334 1042 3402 telisque
1081 3335 1167 3385 usi
1209 3337 1348 3385 sunt.
1384 3333 1454 3385 Et
1489 3334 1632 3402 quod
1666 3333 1791 3386 fecit
1815 3333 1925 3384 Tib.
1948 3333 2236 3400 Gracchus,

356 3454 453 3490 cur
509 3439 563 3490 id
622 3438 794 3491 facere
852 3454 958 3489 non
1012 3438 1185 3506 potuit
1236 3437 1562 3506 Augustus?
1619 3437 1820 3499 Quodsi
1862 3438 2233 3490 tantummodo

357 3542 603 3594 rediisset
642 3544 927 3611 Augustus
968 3543 1034 3594 ad
1074 3558 1202 3595 suos
1238 3544 1355 3595 sine
1376 3543 1755 3611 paludamento
1778 3542 1870 3594 sed
1891 3558 2014 3594 cum
2039 3542 2240 3610 clypeo
