2462 4186
1252 416 1320 468 60

419 595 729 665 Legendum
784 610 908 662 ergo
962 608 1230 661 propono:
1289 590 1578 642 instantius
1620 589 1890 657 plausum,
1931 590 1962 641 i.
2003 606 2076 641 e.:
2119 606 2226 641 non

349 701 507 753 breve
561 704 789 768 tempUS,
828 698 921 751 sed
962 697 1166 750 diutius
1207 696 1472 765 plaudunt
1511 698 1846 764 spectatores
1892 693 2226 746 Vocabulum

344 805 635 858 instantius
695 821 804 856 non
862 804 1096 856 alienum
1150 818 1267 855 esse
1319 819 1349 853 a
1402 801 1658 854 Suetonio
1712 803 1856 869 patet
1906 815 1975 851 ex
2014 800 2123 851 vita
2162 797 2224 850 D.

345 911 570 978 Claudii,
619 927 729 979 cap.
788 911 835 978 5,
886 909 977 962 ubi
1015 909 1271 977 legimus:
1317 906 1591 974 „Tiberius
1632 909 1859 974 patruus
1896 905 2095 974 petenti
2135 904 2226 955 ho-

342 1032 499 1068 nores
539 1015 846 1067 consularia
885 1018 1197 1066 ornamenta
1239 1012 1460 1076 detulit3
1505 1011 1595 1063 sed
1638 1010 1924 1062 instantius
1957 1009 2224 1078 legitimos

342 1120 603 1189 flagitanti
642 1119 698 1171 id
739 1119 912 1171 solum
955 1117 1213 1171 codicillis
1253 1117 1524 1185 rescripsit
1564 1132 1606 1167 0.
1630 1133 1678 1183 q.
1700 1114 1775 1167 s.''
1818 1113 1889 1166 Ut
1929 1130 2053 1182 ergo
2075 1113 2224 1165 tolla-

342 1244 463 1280 mus
522 1226 870 1294 tautologiam
924 1241 1031 1276 non
1081 1223 1371 1290 ferendam,
1420 1223 1527 1274 levi
1569 1222 1861 1273 mutatione
1903 1219 2220 1272 seutentiam

343 1337 578 1385 nostram
637 1330 1004 1399 corrigendam
1059 1333 1202 1398 put0,
1248 1343 1384 1397 quae
1426 1327 1650 1379 mutatio
1692 1326 1960 1378 meliorem
2006 1339 2222 1392 quoque

340 1437 556 1507 praebet
596 1453 829 1490 sensum.

637 1591 762 1660 Gap.
799 1592 883 1642 64.
926 1589 1125 1644 Gaium
1165 1593 1214 1641 et
1252 1587 1479 1641 Lucium
1517 1586 1799 1655 adoptavit,
1840 1585 1976 1638 domi
2009 1601 2105 1650 per
2139 1601 2222 1636 as-

702 1713 807 1748 sem
846 1701 893 1747 et
931 1695 1116 1747 libram
1155 1697 1344 1759 emptos
1380 1710 1414 1744 a
1446 1697 1605 1761 patre
1644 1691 1889 1759 Ayrippa
1927 1708 1965 1742 e.
1984 1706 2027 1759 q.
2049 1706 2087 1741 8.

410 1853 686 1905 Mittamus
743 1832 1121 1921 quaestionem*
1156 1855 1338 1902 utrum
1380 1849 1667 1918 legendum
1709 1849 1778 1900 sit
1813 1864 1909 1916 per
1944 1863 2111 1899 assem
2151 1863 2218 1898 an

334 1976 429 2028 per
486 1975 572 2011 aes
623 1963 670 2011 et
722 1957 936 2023 libram3
993 1957 1122 2009 haec
1173 1956 1307 2007 nihil
1360 1956 1426 2007 ad
1466 1956 1795 2024 propositum
1838 1958 2080 2006 nostrum
2121 1967 2220 2004 nec

335 2065 401 2116 ad
455 2065 749 2117 sententiae
800 2063 1308 2131 interpretationem,
1363 2065 1416 2112 at
1466 2062 1644 2129 potius
1685 2060 1749 2112 de
1786 2058 2218 2127 interpunctione

334 2185 506 2238 pauca
547 2169 884 2221 disseramus.
927 2167 1077 2220 Sicut
1117 2183 1262 2218 nunc
1302 2166 1546 2235 legimus,
1581 2166 1866 2235 Augustus
1886 2163 2054 2216 fertur
2075 2162 2219 2214 domi

334 2274 527 2327 emisse
569 2272 762 2325 Graium
805 2277 855 2325 et
896 2271 1126 2324 Lucium
1168 2289 1198 2323 a
1238 2275 1387 2340 patre
1428 2270 1682 2339 Agrippa.
1723 2268 1961 2320 Cuiusne
1982 2269 2038 2319 in
2061 2267 2216 2319 domo
2316 2336 2318 2339 ,

335 2379 463 2430 haec
504 2379 701 2447 emptio
740 2377 880 2429 facta
921 2377 1041 2429 est?
1082 2376 1203 2428 Non
1240 2378 1370 2428 satis
1405 2380 1626 2428 constat.
1661 2373 1869 2426 Domus
1891 2374 2031 2426 haud
2055 2373 2217 2426 dubie

333 2485 432 2536 hoc
484 2485 600 2536 loco
642 2488 814 2552 potest
854 2499 970 2536 esse
1013 2487 1118 2534 tam
1160 2482 1413 2550 Augusti,
1455 2497 1614 2549 quam
1657 2481 1940 2549 Agrippae.
1981 2478 2082 2532 Sed
2123 2480 2216 2530 vix

334 2590 476 2642 credi
520 2594 693 2658 potest
733 2589 1026 2657 principem
1071 2587 1339 2656 Agrippae
1379 2587 1596 2638 domum
1637 2569 1773 2638 iisse·
1805 2590 1865 2637 ut
1903 2584 1978 2636 ibi
2018 2589 2216 2637 emeret

331 2694 484 2762 filios,
537 2711 660 2746 cum
714 2695 759 2746 ei
803 2694 984 2746 liceret
1023 2695 1078 2745 in
1121 2693 1276 2744 domo
1320 2709 1417 2744 sua
1456 2696 1620 2744 totam
1664 2692 2107 2759 mancipationem
2148 2690 2215 2742 ad

331 2798 493 2852 finem
534 2799 837 2868 perducere.

408 2905 574 2957 Graius
634 2908 685 2956 et
738 2903 939 2955 Lucius
994 2903 1168 2954 adhuc
1221 2907 1347 2955 sunt
1386 2904 1443 2953 in
1485 2903 1649 2970 patris
1689 2905 1962 2970 potestate,
2003 2919 2110 2970 qua
2149 2901 2231 2954 de'

334 3027 496 3063 causa
547 3010 804 3078 Agrippa,
857 3010 973 3061 sine
1021 3008 1204 3077 populi
1245 3023 1526 3074 consensu,
1563 3005 1702 3059 filios
1742 3008 1992 3075 Augusto
2034 3023 2213 3059 eman-

334 3117 508 3184 cipare
563 3115 751 3184 potuit.
815 3113 1034 3166 Nullius
1092 3129 1216 3181 ergo
1272 3114 1525 3164 momenti
1578 3116 1671 3179 est,
1712 3127 1818 3180 quo
1856 3111 1972 3164 loco
2013 3113 2211 3181 emptio

334 3221 427 3272 illa
465 3220 605 3272 facta
644 3221 727 3286 sit,
769 3219 861 3271 sed
896 3218 989 3270 ubi
1024 3217 1215 3269 Gaium
1239 3222 1290 3270 et
1309 3201 1536 3269 Lucium
1559 3216 1890 3290 adoptaverit
1908 3216 2209 3285 Augustus».

408 3323 560 3376 Duae
614 3324 755 3375 enim
810 3327 938 3375 sunt
985 3322 1273 3390 adoptandi
1313 3322 1576 3373 rationes:
1615 3320 1885 3388 adroyatio
1925 3324 1976 3372 et
2013 3320 2210 3372 manci·

336 3428 493 3493 patio,
534 3427 638 3490 Qui
677 3432 869 3495 autem,
912 3431 1076 3479 morte
1115 3431 1396 3495 parentum
1439 3442 1675 3493 suorum,
1709 3427 1814 3477 iam
1849 3430 2026 3494 patres
2059 3426 2210 3478 fami-

347 3533 446 3585 lias
486 3532 656 3584 effecti
699 3536 841 3600 sunt,
879 3533 919 3583 ii
958 3532 1172 3583 nonnisi
1212 3531 1271 3582 in
1309 3530 1438 3599 f0r0,
1479 3546 1652 3581 coram
1695 3529 2054 3598 pontificibus,
2094 3530 2210 3600 lege
