2462 4186
1267 442 1338 492 46

355 621 597 670 constare
655 617 797 686 apud
854 620 1115 683 auctoreS,
1176 632 1432 685 quaerere
1492 633 1810 686 possumus:
1855 617 1978 686 Gur,
2017 619 2063 670 si
2103 635 2233 671 sana

354 726 493 775 esset
543 723 700 774 lectio
751 725 843 785 ter,
881 723 1094 774 tertium
1135 721 1304 774 clausi
1343 723 1526 791 templi
1566 724 1890 775 mentionem
1932 739 2039 776 non
2081 723 2236 777 fecis-

354 834 472 880 sent
509 828 682 881 fontes
726 829 976 897 veteres?
1018 828 1073 880 Si
1114 844 1313 895 omneS,
1356 829 1439 881 vel
1479 830 1731 882 nonnulli
1770 834 2064 898 auctorum,
2099 846 2236 899 quos

354 934 528 1000 citavi,
580 949 895 1001 persuasum
951 932 1264 985 habuissent
1316 933 1627 1001 Augustum
1679 938 1757 985 ter
1809 934 2067 987 clausisse
2105 939 2236 986 tem-

356 1038 521 1106 plum,
575 1039 690 1090 sine
743 1037 906 1090 dubio
948 1039 1045 1089 hoc
1086 1043 1590 1090 commemorassent
1628 1038 1826 1091 factum
1867 1040 2080 1092 disertis
2119 1055 2236 1092 ver-

356 1143 453 1211 bis,
513 1145 878 1196 narravissent
935 1147 1054 1211 post
1112 1144 1254 1211 quod
1315 1143 1531 1211 bellum,
1587 1160 1694 1212 quo
1747 1160 1887 1196 anno
1939 1144 1995 1196 id
2034 1144 2233 1196 factum

355 1252 507 1300 esset.
568 1247 672 1300 Sed
731 1252 908 1300 tacent
967 1248 1066 1299 hac
1121 1248 1185 1299 de
1215 1240 1308 1314 re,
1351 1265 1457 1316 qua
1497 1248 1562 1300 de
1601 1264 1764 1300 causa
1803 1266 1963 1316 quam
2005 1249 2238 1301 maxime

354 1353 675 1406 dubitationi
719 1353 866 1405 istud
905 1357 983 1405 ter
1023 1353 1176 1404 clusit
1215 1358 1295 1406 est
1335 1353 1647 1406 obnoxium.
1690 1355 1870 1422 Atque
1908 1354 2071 1406 altera
2107 1371 2235 1423 quo-

356 1475 462 1527 que
504 1463 667 1511 restat
706 1475 881 1526 causa,
922 1475 1019 1510 cur
1061 1464 1372 1528 suspectum
1409 1458 1628 1511 habeam
1671 1459 1850 1511 locum
1890 1463 2149 1511 nostrum.

431 1563 721 1616 Suetonius
774 1564 1001 1632 scripsit,
1054 1565 1101 1615 si
1145 1563 1278 1616 fides
1318 1563 1563 1616 habenda
1607 1563 1907 1617 codicibus:
1951 1563 2106 1616 clusit
2143 1580 2237 1633 pro

355 1669 554 1721 clausit.
613 1669 834 1722 Silentio
895 1672 1238 1738 praetereunt
1295 1669 1433 1721 hanc
1491 1669 1715 1721 formam
1773 1670 2104 1738 interpretes,
2153 1669 2239 1722 vel

356 1776 541 1843 paucis
589 1774 767 1827 verbis
809 1779 1067 1826 annotant
1106 1777 1222 1827 sine
1263 1773 1426 1826 dubio
1465 1774 1576 1827 fieri
1620 1775 1859 1842 potuisse
1900 1778 1961 1840 nt
1999 1776 2076 1826 sic
2115 1790 2238 1826 auc-

355 1885 438 1932 tor
497 1880 766 1933 scriberet.
826 1879 980 1943 Quod
1040 1881 1132 1931 vix
1195 1880 1339 1932 credi
1392 1884 1579 1948 potest,
1632 1897 1754 1931 nam
1796 1896 1893 1931 cur
1931 1880 2029 1932 hac
2067 1879 2239 1932 forma

359 2002 494 2038 usus
540 1991 679 2038 esset
718 1985 1025 2054 Suetonius,
1066 2001 1203 2054 quae
1242 2001 1350 2037 non
1392 1990 1471 2037 est
1509 1985 1656 2037 illius
1696 1987 1970 2054 temporiS,
2005 2001 2239 2054 cumque

360 2107 568 2160 semper
620 2091 815 2144 scribat
860 2091 1114 2155 claude-re,
1154 2090 1378 2154 οῖααεαε,
1417 2089 1765 2142 claudendum
1805 2094 1900 2143 etc.
1918 2091 1944 2142 P
1983 2090 2072 2144 Sic
2110 2093 2238 2160 legi-

361 2214 480 2249 mus
519 2197 661 2266 apud
702 2213 842 2265 eum,
882 2213 1090 2266 semper
1130 2201 1181 2249 et
1216 2195 1431 2265 ubique,
1465 2197 1581 2249 sine
1615 2197 1726 2249 ulla
1761 2198 2101 2266 exceptione3
2140 2198 2239 2250 hoc

360 2304 520 2354 unico
560 2303 676 2354 loco
717 2306 892 2354 exstat
929 2302 1098 2354 forma
1139 2301 1306 2353 clusit.
1347 2300 1496 2363 Quae
1536 2317 1620 2354 res
1655 2302 1808 2354 valde
1842 2307 2087 2371 suspecta
2109 2303 2239 2355 mihi

361 2408 586 2460 videtur.
648 2406 746 2474 (De
785 2406 945 2459 verbo
985 2406 1265 2458 claudendi
1303 2406 1365 2458 cf.
1406 2405 1613 2473 Caesar,
1651 2422 1760 2475 cap.
1805 2408 1902 2458 34:
1944 2406 2238 2476 Massiliae,

363 2530 497 2582 quae
547 2512 646 2565 sibi
683 2513 743 2564 in
780 2513 967 2564 itinere
1003 2515 1187 2580 portas
1225 2511 1513 2577 clauserat;
1555 2510 1607 2563 N
1609 2527 1715 2579 erc,
1754 2528 1863 2580 cap.
1906 2513 2006 2564 23:
2048 2511 2241 2565 clausis

361 2617 668 2684 oppidorum
721 2615 915 2682 portis3
975 2615 1134 2683 Nero,
1186 2632 1295 2684 cap.
1351 2616 1449 2667 47:
1503 2615 1692 2667 clausis
1743 2615 1973 2684 foribus,
2026 2615 2239 2684 Domit.,

362 2740 471 2792 cap.
518 2723 612 2774 17:
655 2727 700 2773 et
733 2725 1009 2787 praeterea
1048 2720 1228 2773 clausa
1265 2720 1442 2773 omnia
1480 2722 1757 2786 reperisse;
1798 2720 1983 2789 Tiber.,
2005 2738 2115 2792 cap.
2138 2723 2237 2774 50:

362 2844 469 2880 imo
506 2827 691 2893 oppido
729 2826 963 2878 clausam
1003 2826 1220 2895 (Iuliam
1259 2825 1495 2895 umorem)
1536 2831 1630 2878 etc.
1670 2829 1798 2893 etc).

436 2933 714 2985 Habemus
772 2948 896 3001 ergo
957 2932 1063 2983 duo
1123 2930 1396 2998 vocabula,
1451 2946 1588 2999 quae
1639 2930 1795 2983 ambo
1833 2932 2023 2984 vitiosa
2062 2932 2240 2985 creda-

364 3054 498 3090 mus.
557 3037 680 3089 Non
739 3041 914 3089 tamen
976 3035 1185 3088 duabus
1237 3036 1558 3087 coniecturis
1598 3036 1927 3088 emendanda
1967 3042 2107 3104 sunt,
2148 3037 2241 3091 sed

363 3143 561 3197 sufficit
607 3159 728 3218 una.
769 3140 1059 3194 Suetonius
1100 3140 1333 3192 breviter
1372 3140 1606 3208 Augusti
1645 3141 1808 3192 vitam
1848 3158 2088 3210 narrans,
2131 3158 2241 3194 uno

366 3247 541 3313 verbO,
590 3248 645 3298 ni
690 3246 860 3314 fallor,
900 3246 1149 3314 exposuit
1189 3244 1289 3297 sub
1332 3245 1448 3296 eius
1486 3259 1651 3312 regno
1692 3243 1807 3296 Iani
1848 3246 2106 3315 templum
2147 3247 2241 3299 ali-

366 3353 574 3420 quoties
613 3352 856 3403 clausum
897 3350 1079 3402 fuisse.
1118 3349 1311 3401 Nonne
1350 3348 1465 3401 fieri
1503 3350 1677 3416 potuit
1718 3353 1777 3401 ut
1817 3354 2058 3402 uteretur
2079 3349 2242 3403 verbo

365 3457 656 3524 composito
713 3459 764 3507 et
803 3454 1085 3507 scriberet:
1125 3452 1429 3518 interclusit,
1470 3453 1502 3503 i.
1525 3468 1596 3504 e.:
1640 3453 1833 3506 clausit
1865 3470 1961 3523 per
1993 3455 2249 3508 interval-·

364 3560 507 3625 lum,
568 3559 809 3626 subinde,
867 3559 1136 3611 interdum
1193 3557 1425 3610 clausit?
1479 3544 1690 3625 Optime
1730 3559 1839 3610 scio
1879 3559 2042 3628 vulgo
2081 3560 2243 3612 inter-
