2462 4186
1159 480 1228 530 63

259 657 426 708 utitur
486 656 645 708 verbo
702 656 1000 725 franyendi,
1062 662 1119 708 ut
1178 674 1219 708 e.
1277 675 1325 725 g.
1378 659 1430 708 in
1486 658 1594 708 vita
1632 656 1824 709 Tiberii
1865 674 1972 726 cap.
2018 659 2116 709 44:

263 799 287 826 „
315 801 325 811 .
349 800 360 811 .
383 801 430 814 ..
469 766 629 829 atque
677 762 891 830 utrique
941 778 1082 829 mOX,
1122 762 1266 830 quod
1308 766 1494 813 mutuo
1532 760 1795 830 flagitium
1838 762 2123 831 exprobra-

257 870 394 932 rant,
430 882 587 918 crura
624 865 895 934 fregisse’'.

329 968 535 1022 Deinde
574 970 638 1021 de
677 971 1006 1038 pronominis
1043 986 1144 1022 usu
1181 970 1513 1038 disputantes
1537 970 1709 1021 varios
1732 969 1960 1022 afferunt
1983 970 2123 1021 locos

256 1075 582 1143 interpretes,
632 1076 724 1142 qui
763 1080 936 1126 tamen
981 1074 1112 1125 nihil
1151 1074 1259 1126 fere
1301 1091 1420 1126 cum
1463 1075 1580 1126 loco
1621 1079 1802 1126 nostro
1842 1089 2124 1125 commune

258 1179 464 1232 habent.
516 1179 579 1230 In
632 1181 699 1231 iis
737 1185 932 1246 autem,
973 1180 1066 1247 qui
1106 1179 1283 1231 idonei
1325 1180 1589 1247 videntur,
1627 1195 1916 1247 pronomen
1958 1179 2004 1229 is
2044 1194 2124 1230 re-

256 1284 479 1352 spondet
536 1285 870 1352 praecedenti
929 1285 1232 1352 pronomini
1292 1284 1526 1336 relativo.
1574 1283 1751 1335 Citant
1789 1300 1943 1351 porro
1986 1284 2124 1334 vitae

258 1390 493 1457 Augusti
533 1394 691 1457 caput
732 1390 829 1441 94:
878 1390 995 1455 „Ad
1036 1394 1285 1458 quartum
1329 1390 1555 1458 lapidem
1599 1389 1896 1458 Campanae
1931 1391 2046 1441 viae
2067 1391 2121 1440 in

256 1510 472 1546 nemore
528 1495 810 1562 prandenti
867 1510 935 1546 ex
993 1495 1282 1563 improviso
1342 1495 1522 1562 aquila
1575 1510 1761 1562 panem
1806 1495 1853 1546 ei
1894 1510 1922 1546 e
1962 1511 2123 1546 manu

256 1600 433 1667 rapuit
483 1615 525 1651 e.
549 1617 596 1667 q.
619 1599 710 1666 s.'',
762 1598 854 1650 ubi
893 1599 940 1650 ei
978 1599 1118 1650 haud
1159 1598 1319 1650 dubie
1359 1614 1465 1649 non
1507 1600 1686 1649 minus
1726 1614 2119 1666 supervacuum

257 1708 335 1756 est
376 1708 427 1756 et
465 1705 718 1756 nimirum
760 1720 789 1756 e
828 1705 1072 1772 sequenti
1113 1704 1501 1771 praepositione
1539 1720 1563 1754 e
1600 1707 1795 1770 ortum,
1828 1719 1889 1755 ac
1910 1703 2119 1754 tandem

258 1807 451 1861 Domit.
494 1825 603 1878 cap.
647 1810 696 1876 3,
734 1808 825 1860 ubi
862 1812 968 1861 est:
1018 1807 1254 1875 „Deinde
1296 1824 1518 1860 uxorem
1563 1807 1868 1874 Domitiam,
1909 1824 1975 1860 ex
2018 1825 2124 1876 qua

258 1914 311 1964 in
353 1914 588 1965 secundo
628 1929 727 1964 suo
767 1913 1048 1964 consulatu
1089 1912 1258 1963 filium
1300 1912 1564 1966 tulerat..
1590 1952 1634 1963 ..
1675 1912 1946 1980 alteroque
1980 1928 2120 1963 anno

260 2017 616 2068 consalutavit
674 2018 1003 2085 Augustam3
1065 2017 1301 2083 eandem,
1360 2017 1567 2069 Paridis
1620 2017 1892 2068 histrionis
1947 2033 2124 2067 amore

260 2122 599 2190 deperditam,
640 2121 990 2190 repudiavit'',
1029 2122 1122 2173 ubi
1162 2138 1344 2174 revera
1385 2138 1675 2190 pronomen
1720 2122 1932 2174 eandem
1971 2140 2122 2174 suam

259 2226 415 2279 habet
453 2226 912 2295 significationem.
952 2225 1050 2278 Est
1089 2227 1228 2279 enim
1271 2232 1444 2278 tamen
1482 2243 1607 2278 eam.

335 2330 545 2393 Quibus
572 2331 831 2406 (omnibus
873 2332 1066 2399 missiS,
1105 2332 1424 2384 contendere
1463 2348 1766 2400 possumus,
1809 2336 1988 2384 nostro
2009 2332 2125 2383 loco

259 2452 476 2504 prorsus
535 2451 928 2504 supervacuum
982 2451 1098 2488 esse
1154 2452 1443 2504 pronomen
1483 2436 1543 2503 ei,
1583 2452 1680 2488 nec
1721 2436 1931 2488 defendi
1970 2452 2124 2504 posse

258 2541 343 2592 vel
399 2557 504 2592 usu
563 2540 860 2608 quotidiani
917 2541 1192 2606 sermonis,
1251 2540 1336 2592 vel
1393 2540 1632 2609 longiore
1670 2541 1808 2592 inter
1847 2540 2032 2593 Thallo
2071 2546 2121 2593 et

258 2662 420 2698 crura
476 2647 659 2714 spatio
711 2644 1025 2698 Rectissime
1063 2661 1187 2714 ergo
1228 2661 1519 2714 pronomen
1556 2647 1839 2699 delendum
1875 2663 1992 2700 esse
2026 2665 2119 2716 pu-

259 2755 509 2803 taverunt
547 2751 793 2803 nonnulli
830 2752 932 2802 viri
978 2751 1139 2818 docti,
1182 2750 1378 2818 quibus
1417 2751 1663 2803 lubenter
1702 2754 1976 2804 assentior.

562 2905 687 2970 Cap.
750 2907 834 2957 70.
891 2905 1066 2959 Caena
1122 2922 1320 2975 quoque
1378 2906 1491 2957 eius
1547 2906 1782 2958 secretior
1832 2907 1889 2957 in
1926 2906 2126 2975 fabulis

629 3009 738 3078 fuit
760 3051 771 3062 .
792 3050 802 3060 .
825 3050 869 3061 ..
926 3011 985 3061 in
1042 3026 1150 3079 qua
1201 3010 1411 3062 deorum
1450 3010 1764 3079 dearumque
1800 3009 1982 3062 habitu
2019 3011 2123 3062 dis-

630 3114 864 3166 cubuisse
901 3115 1137 3166 convivas
1181 3117 1229 3165 et
1268 3113 1440 3184 ipsum
1463 3130 1564 3178 pro
1596 3113 1840 3182 Apolline
1858 3118 2125 3182 ornatum,

626 3235 729 3270 non
786 3218 991 3270 Antoni
1046 3218 1192 3269 modo
1248 3217 1487 3285 epistolae
1543 3217 1871 3283 sinyulorum
1909 3218 2122 3269 nomina

634 3322 959 3374 amarissime
1016 3322 1371 3374 enumerantis
1422 3321 1750 3388 exprobrant,
1803 3321 1894 3373 sed
1931 3325 1978 3372 et
2014 3339 2124 3373 ver-

632 3443 721 3479 sus
760 3445 797 3479 e.
819 3444 867 3496 q.
886 3443 925 3478 s.

339 3581 479 3643 Quid
538 3583 622 3633 hic
686 3581 949 3650 significat
1009 3581 1337 3633 amarissime
1374 3580 1722 3633 enumerare?
1761 3581 1923 3633 Haud
1964 3581 2124 3634 dubie
