2462 4186
1295 423 1363 474 36

378 600 455 651 sic
492 582 704 668 legunt:
747 597 887 650 solus
923 598 1084 651 victor
1123 602 1227 650 tres
1264 599 1529 651 exercitus.
1572 600 1856 668 Augustus
1898 601 2045 653 solus
2087 602 2254 653 victor

378 704 482 756 dici
539 708 728 773 potest,
786 720 855 756 ex
908 703 1081 756 tribus
1121 706 1263 757 enim
1307 704 1599 757 victoribus
1639 709 1692 757 et
1730 705 2156 774 imperatoribuS,
2198 710 2259 759 ut

374 808 495 860 illos
554 813 708 861 vocat
767 809 965 876 CicerO,
1024 813 1143 878 post
1198 810 1485 862 consulum
1527 814 1767 878 mortem,
1805 810 1953 862 solus
1995 814 2255 879 superest.

373 913 536 966 Recte
595 930 810 983 quoque
864 916 1077 967 monuit
1114 914 1371 967 Polakius
1412 916 1735 967 adiectivum
1774 914 1934 966 victor
1972 916 2150 984 potius
2190 915 2254 967 ad
2318 963 2320 965 .

373 1020 683 1088 Augustum
755 1020 1094 1073 referendum
1153 1036 1285 1087 esse,
1346 1037 1507 1088 quam
1566 1021 1632 1072 ad
1694 1022 1962 1073 exercitus
2020 1022 2086 1072 ab
2138 1022 2254 1090 ipso

374 1129 672 1194 occupatos

447 1228 654 1282 Deinde
711 1230 1019 1282 invehimus
1079 1230 1401 1282 vocabulum
1460 1235 1578 1283 tres,
1618 1229 1744 1282 Sine
1783 1229 1961 1298 dubio,
2002 1230 2145 1299 quod
2187 1231 2252 1282 ad

370 1350 482 1387 rem
522 1335 1015 1404 palaeographicam
1057 1337 1259 1412 attinet,
1297 1335 1415 1388 fieri
1452 1337 1628 1404 potuit
1667 1339 1728 1387 ut
1768 1352 1968 1404 paucae
2007 1336 2131 1388 illae
2170 1336 2252 1388 lit-

372 1444 514 1492 terae
572 1445 950 1493 evanescerent
1008 1445 1059 1493 et
1118 1441 1408 1493 verisimile
1466 1457 1583 1494 esse
1640 1457 1825 1493 revera
1865 1442 1939 1493 ita
1978 1446 2251 1495 auctorem

370 1546 652 1613 scripsisse
705 1550 920 1615 apparet
952 1562 1020 1598 ex
1060 1546 1234 1598 tribus
1274 1546 1421 1614 locis,
1458 1546 1552 1598 ubi
1591 1546 1774 1599 eadem
1815 1547 2034 1599 historia
2072 1564 2251 1600 narra-

368 1653 472 1701 tur.
531 1650 749 1702 Primus
809 1655 889 1704 est
946 1652 1090 1720 apud
1150 1651 1486 1720 Eutropium,
1540 1652 1632 1720 qui
1672 1652 1990 1704 Suetonium
2030 1652 2252 1705 reddere

367 1754 517 1822 solet,
577 1754 707 1820 (Lib.
769 1755 890 1807 VII.
949 1772 990 1807 c.
1047 1756 1114 1822 1.)
1155 1755 1247 1808 ubi
1289 1757 1418 1809 haec
1457 1757 1714 1826 legimus:
1764 1756 2027 1824 „Profecti
2066 1760 2251 1808 contra

365 1861 666 1913 Antonium
709 1866 817 1914 tres
859 1863 1022 1914 duces
1064 1861 1307 1915 vicerunt
1350 1878 1491 1916 eum.
1532 1862 1729 1915 Evenit
1765 1867 1942 1915 tamen
1983 1867 2044 1914 ut
2083 1863 2249 1914 victo-

367 1982 451 2019 res
513 1966 774 2020 Consules
834 1967 990 2019 ambo
1052 1972 1401 2020 morerentur.
1462 1966 1638 2030 Quare
1693 1972 1798 2021 tres
1841 1970 2112 2021 exercitus
2153 1969 2250 2021 uni

362 2070 572 2124 Caesari
631 2070 976 2141 paruerunt''.
1040 2070 1275 2141 Opponit
1331 2073 1498 2141 igitur
1555 2077 1660 2125 tres
1709 2073 1818 2140 uni,
1858 2077 1919 2125 ut
1957 2073 2248 2126 Suetonius

361 2175 501 2228 solus
560 2180 678 2229 tres,
737 2177 890 2229 Alter
941 2178 1092 2229 locus
1144 2182 1223 2230 est
1275 2178 1418 2246 apud
1459 2176 1709 2230 Orosium
1754 2177 1883 2242 (Lib.
1924 2178 2015 2230 VI.
2059 2195 2100 2230 c.
2147 2179 2247 2247 18),

363 2284 459 2350 qui
501 2286 709 2334 narrat:
758 2281 1087 2349 „Consulum
1128 2284 1427 2335 occisorum
1470 2287 1696 2352 uterque
1730 2284 1999 2336 exercitus
2036 2282 2246 2336 Caesari

363 2385 593 2456 paruit’'.

438 2492 542 2545 Hic
584 2509 800 2562 quoque
831 2494 1061 2562 legimus
1096 2494 1339 2563 singulos
1359 2495 1608 2547 consules
1631 2511 1757 2547 suas
1780 2494 2031 2548 habuisse
2052 2497 2246 2565 copias,

359 2614 458 2651 nec
519 2600 847 2651 coniunctim
909 2601 1003 2651 uni
1054 2599 1349 2668 praefuisse
1401 2601 1678 2653 exercitui.
1719 2601 2004 2669 Augustus
2045 2605 2244 2668 contra,

361 2706 619 2773 privatuS,
678 2706 978 2757 exercitum
1037 2705 1336 2774 collegerat,
1396 2706 1484 2757 cui
1539 2721 1633 2774 pro
1686 2710 1926 2774 praetore
1978 2723 2009 2758 a
2051 2711 2242 2759 senatu

360 2811 692 2880 praepositus
734 2814 859 2876 erat,
899 2826 1037 2879 quae
1071 2811 1250 2862 omnia
1288 2810 1673 2863 confirmantur
1712 2802 1829 2863 1000
1870 2812 2039 2879 terti0,
2081 2828 2240 2880 quem

357 2917 668 2969 invenimus
727 2916 869 2985 apud
927 2916 1166 2968 Tacitum
1227 2916 1386 2982 (Ann.
1441 2915 1552 2968 Lib.
1593 2915 1636 2970 I.
1679 2933 1720 2968 c.
1771 2917 1871 2983 10),
1910 2916 2031 2968 ubi:
2078 2915 2241 2983 „Mox

360 3021 453 3074 ubi
513 3022 721 3075 decreto
775 3026 986 3090 patrum
1038 3021 1209 3074 fasces
1250 3025 1302 3073 et
1338 3022 1424 3073 ius
1464 3022 1722 3090 praetoris
1761 3022 2032 3089 invaserit,
2071 3023 2240 3074 caesis

359 3126 536 3179 Hirtio
578 3133 629 3179 et
666 3127 875 3178 Pansa.
901 3168 910 3178 .
933 3167 976 3178 ..
1019 3127 1306 3195 utriusque
1345 3127 1523 3194 copias
1564 3125 1959 3194 occupavisse.’'

435 3230 699 3283 Omnibus
740 3231 821 3283 his
862 3231 994 3283 locis
1037 3231 1247 3283 disertis
1282 3230 1462 3283 verbis
1496 3230 1725 3282 traditur
1756 3231 2087 3299 Augustum,
2118 3235 2239 3299 post

361 3337 634 3388 victoriam
675 3323 1008 3405 reportatam,
1048 3335 1220 3388 tribus
1260 3336 1553 3404 praefuisse
1592 3335 1932 3389 exercitibus.
1973 3337 2005 3386 i.
2028 3351 2098 3387 e.:
2136 3350 2235 3387 suo

357 3443 586 3510 proprio,
638 3440 820 3509 Hirtii,
856 3440 1076 3492 Pansae.
1116 3439 1520 3493 Restituendam
1560 3442 1773 3494 tandem
1814 3456 2011 3508 veram,
2050 3457 2235 3509 quam-

360 3547 441 3598 vis
483 3547 757 3599 deterioris
797 3546 1010 3613 codiciS,
1049 3546 1329 3598 lectionem
1372 3561 1562 3597 censeo
1602 3551 1653 3597 et
1690 3546 1990 3614 legendum,
2032 3549 2090 3597 ut
2128 3546 2233 3596 iam
