2462 4186
1176 433 1244 497 23

275 621 506 688 denique
564 619 814 688 praebere
873 620 1189 672 sententiam
1251 622 1500 684 nostram,
1556 616 1932 684 unusquisque
1983 615 2147 667 lector

276 724 431 776 facile
471 723 684 775 videbit.

351 828 603 880 Attamen
661 831 861 880 restant
918 826 1092 878 adhuc
1150 825 1424 891 nonnulla,
1478 840 1614 892 qua-e
1655 839 1738 875 me
1778 822 2060 888 offendant,
2099 826 2150 874 et

279 934 324 985 si
362 934 557 984 iterum
592 936 709 999 post
751 930 1081 999 Madvigium
1122 934 1173 982 et
1210 928 1489 980 Polakium
1533 927 1758 979 eundem
1801 926 1979 977 locum
2017 931 2149 977 trac-

276 1041 411 1103 tanS,
461 1036 797 1104 arrogantius
850 1050 1005 1102 agere
1058 1034 1255 1099 videor,
1292 1032 1572 1084 defendere
1615 1047 1696 1082 me
1736 1030 1900 1081 debeo
1941 1029 2149 1080 Polakii

279 1140 440 1193 verba
493 1156 608 1192 mea
652 1139 878 1191 faciens:
930 1138 1231 1206 „Madvigio
1272 1143 1323 1189 et
1362 1136 1582 1188 Polakio
1622 1136 1903 1186 incertiore
1943 1135 2148 1185 divina-

274 1245 418 1297 tione
477 1244 723 1295 hariolari
778 1258 875 1294 nec
929 1242 1056 1294 libet
1107 1258 1207 1294 nec
1259 1242 1382 1293 licet
1419 1240 1658 1306 fortasse,
1698 1240 1962 1291 veteranis
2001 1239 2145 1306 prin-

275 1348 591 1417 cipibusque
643 1348 839 1399 criticis
886 1352 937 1399 et
988 1347 1339 1414 plurimarum
1393 1345 1711 1413 palmarum,
1762 1348 1815 1394 at
1868 1358 1964 1393 cur
2017 1343 2146 1392 mihi

275 1469 384 1505 non
423 1453 579 1504 liceat
617 1452 779 1503 tironi
796 1450 857 1502 ?”

350 1556 686 1625 Quamquam
738 1560 915 1608 autem
963 1555 1110 1606 addit
1162 1554 1415 1606 Polakius
1458 1553 1778 1604 mutationes
1818 1568 1944 1604 suas
1984 1551 2145 1603 auda-

272 1662 440 1713 ciores
480 1676 612 1726 esse,
651 1661 819 1727 magis
859 1659 1033 1727 specie
1074 1675 1234 1726 quam
1276 1673 1347 1724 re,
1389 1662 1565 1709 tamen
1606 1657 1781 1708 adhuc
1820 1656 1978 1708 credo
2019 1657 2146 1708 satis

275 1765 503 1818 audaces
561 1779 648 1816 eas
708 1779 836 1815 esse.
898 1762 1078 1814 Primo
1138 1762 1253 1813 loco
1314 1762 1429 1813 sine
1487 1761 1649 1812 dubio
1692 1760 1994 1812 addendum
2039 1765 2149 1812 erat

273 1885 596 1940 praenomen
639 1867 836 1921 Gaium
875 1867 958 1920 vel
999 1866 1083 1935 G„
1129 1872 1185 1918 ut
1217 1855 1332 1934 ipse
1366 1882 1462 1917 nos
1484 1866 1662 1917 docuit
1685 1865 1938 1916 Polakius
1960 1865 2144 1917 eodem

270 1975 462 2042 libello,
514 1974 758 2042 sequenti
809 1973 1017 2041 pagina,
1069 1971 1155 2023 ubi
1214 1977 1354 2023 recte
1396 1971 1599 2021 monuit
1640 1969 1982 2022 inserendum
2025 1985 2141 2021 esse

271 2085 393 2133 ante
432 2078 619 2144 Lepidi
656 2067 976 2147 praenomen
1018 2077 1135 2128 eius
1175 2074 1277 2143 M„
1315 2092 1437 2126 nam
1483 2075 1592 2141 „sic
1630 2073 1738 2125 fere
1771 2089 1978 2141 semper
2011 2071 2139 2124 Sue·

247 2183 500 2237 &tonius’l
543 2182 917 2245 Quaerendum
959 2180 1150 2232 deinde
1190 2186 1300 2232 erat
1333 2196 1429 2231 cur
1463 2178 1753 2231 Suetonius
1774 2179 1829 2228 in
1852 2179 2140 2246 posteriore

269 2289 561 2342 sententiae
601 2291 748 2356 parte
786 2287 1054 2338 citavisset
1094 2300 1285 2336 nomen
1323 2285 1609 2353 proprium,
1643 2299 1764 2334 cum
1799 2283 1853 2333 in
1876 2284 2139 2335 anteriore

268 2398 416 2462 parte
467 2408 571 2444 non
616 2391 809 2443 diserte
852 2391 1206 2441 nominaverit
1246 2405 1351 2455 eos,
1391 2404 1484 2457 per
1523 2404 1656 2456 quos
1697 2387 1888 2440 Caesar
1926 2403 2137 2456 perspe-

268 2498 525 2551 culandos
584 2498 792 2548 curavit
850 2496 1087 2547 locorum
1141 2496 1291 2561 sitim,
1335 2494 1478 2562 quod
1519 2496 1635 2546 sine
1675 2493 1837 2545 dubio
1878 2509 1983 2545 non
2024 2494 2138 2562 ipse

266 2602 407 2668 fecit,
466 2601 557 2654 sed
611 2617 707 2666 per
762 2599 965 2667 leyatos.
1023 2598 1199 2665 Nulla,
1259 2598 1430 2665 credo,
1490 2602 1663 2650 exstat
1721 2613 1898 2665 causa,
1940 2613 2036 2648 cur
2076 2596 2134 2648 G.

220 2765 226 2770 ,
273 2707 603 2760 Volusenum
655 2706 968 2771 nominaret,
1007 2721 1148 2771 nam,
1188 2705 1232 2755 si
1272 2719 1457 2756 verum
1499 2707 1592 2771 est,
1635 2704 1776 2772 quod
1817 2703 2136 2756 verisimilli-

267 2830 416 2866 mum
457 2817 550 2880 est,
591 2811 906 2864 Suetonium
939 2826 1047 2861 non
1080 2811 1410 2879 ignoravisse
1430 2809 1693 2861 Voluseni
1714 2825 1924 2877 nomen,
1943 2809 2132 2862 iisdem

266 2920 596 2988 argumentis
636 2916 955 2969 contendere
996 2932 1280 2984 possumus
1321 2920 1461 2968 certe
1502 2931 1716 2984 quoque
1757 2917 1805 2967 ei
1845 2932 1949 2966 non
1985 2917 2134 2983 igno-

188 3044 190 3046 ·
264 3029 378 3077 tum
428 3023 596 3076 fuisse
650 3022 923 3074 Caesarem
967 3022 1204 3073 locorum
1246 3022 1381 3074 situs
1421 3020 1848 3089 perspeculatum
1890 3035 2007 3072 esse
2034 3036 2136 3088 per

264 3129 466 3196 Ζεραέοε,
509 3143 646 3196 quae
686 3143 747 3179 ea
787 3126 851 3178 de
889 3142 1050 3177 causa
1090 3126 1247 3177 etiam
1288 3125 1530 3177 addenda
1572 3129 1761 3176 essent.

336 3232 501 3284 Porro
556 3247 638 3283 me
676 3230 951 3282 offendunt
984 3234 1169 3294 portus
1206 3232 1254 3281 et
1290 3245 1560 3281 accessum.
1604 3227 1756 3280 Certe
1794 3229 1868 3279 ita
1910 3244 2014 3279 non
2054 3228 2129 3279 di-

264 3353 437 3389 cerem
478 3340 523 3388 si
563 3340 747 3388 auctor
787 3336 1085 3403 scripsisset
1124 3350 1358 3386 accessus
1396 3335 1451 3384 in
1493 3333 1702 3402 plurali,
1736 3349 1855 3384 nam
1891 3348 1952 3384 eo
1976 3332 2128 3383 modo

260 3441 405 3493 aliud
459 3441 585 3508 quid
629 3439 992 3508 significarent
1028 3442 1213 3503 portus
1253 3441 1304 3489 et
1342 3452 1591 3489 accessus.
1632 3434 1827 3487 Portus
1866 3435 2006 3486 enim
2049 3450 2129 3487 es-

262 3550 380 3598 sent
432 3561 677 3598 accessus
729 3546 1005 3597 hominum
1054 3543 1301 3612 operibus
1343 3543 1601 3594 exstructi
1642 3546 1691 3593 et
1731 3541 2010 3607 emendati,
2049 3557 2127 3591 ac-
