2462 4186
1283 412 1352 468 78

1270 605 1355 656 IV.

451 755 649 824 cicere,
689 755 770 808 De
810 755 1045 824 Oratore,
1083 756 1124 809 I.
1170 758 1218 825 1,
1259 759 1320 809 3:

449 903 460 913 .
484 902 493 913 .
517 862 676 928 ..qui
724 879 819 931 per
869 879 966 914 nos
1010 880 1046 914 a
1085 863 1343 915 communi
1375 866 1515 928 peste
1551 862 1752 932 depulsi
1788 864 1844 916 in
1882 868 2077 916 nosmet
2113 865 2253 930 ipsos

375 967 748 1019 redundarent.

450 1070 800 1124 Scribendum
844 1077 1003 1141 puto:
1046 1073 1152 1142 qui,
1184 1089 1280 1138 per
1299 1087 1395 1125 nos
1414 1074 1677 1126 communi
1684 1080 1830 1143 peste
1849 1075 2067 1140 depulsa
2086 1093 2123 1128 e.
2146 1093 2192 1145 q.
2216 1093 2258 1129 s,

1278 1259 1341 1309 V.

445 1387 647 1456 Livius,
688 1388 842 1441 XXI.
885 1391 933 1458 5,
975 1391 1036 1441 9:

447 1493 653 1546 Verba:
710 1494 999 1564 castrisque
1047 1511 1205 1564 super
1258 1496 1432 1564 ripam
1481 1496 1664 1561 positis
1717 1512 1875 1548 suum
1931 1495 2106 1548 locum
2151 1511 2255 1547 non

372 1603 570 1667 tenent,
608 1600 855 1669 ponenda
895 1604 1024 1653 sunt
1062 1605 1183 1670 post
1222 1600 1439 1654 traiecit.

1272 1787 1358 1836 VI.

448 1936 690 1990 Velleius
730 1937 1067 2004 PaterculuS,
1105 1937 1145 1989 Ι.
1188 1939 1237 2005 2,
1278 1939 1338 1989 2:

450 2083 461 2094 .
483 2083 493 2094 .
517 2082 527 2094 .
552 2082 562 2094 .
584 2041 950 2108 immiaetusque
987 2042 1176 2094 eastris
1215 2041 1436 2095 hostium
1474 2042 1537 2095 de
1570 2042 1854 2106 industria,
1884 2042 2260 2108 imprudenter,

373 2147 545 2199 rimam
585 2147 725 2199 ciens
763 2148 1105 2214 interemptus
1144 2151 1231 2200 est.

448 2252 757 2322 Legendum
818 2269 1039 2306 censeo:
1099 2253 1467 2319 immixtusque
1524 2254 1710 2305 eastris
1770 2251 2008 2320 hostium,
2059 2253 2120 2306 de
2173 2254 2255 2306 in-

373 2358 581 2410 dustria
619 2359 794 2410 rixam
835 2359 989 2426 ciem,
1030 2359 1367 2425 interemptus
1404 2362 1492 2411 est.

1255 2535 1369 2584 VII.

446 2663 681 2732 CurtiuS,
723 2663 820 2717 III.
867 2665 916 2734 1,
958 2666 1054 2716 13:

448 2810 524 2822 ...
547 2787 728 2840 ,quae
771 2770 898 2839 quia
947 2769 1236 2822 continenti
1289 2769 1552 2835 adhaeret,
1603 2770 1696 2823 sed
1745 2787 1940 2839 mayna
1993 2788 2058 2823 ex
2099 2773 2259 2840 parte

373 2876 603 2944 cingitur
636 2875 895 2944 fluetibuS,
934 2876 1148 2942 speeiem
1185 2875 1393 2928 insulae
1428 2875 1650 2942 praebet.

447 2981 654 3034 Iniuria
690 2980 730 3033 Ι.
770 2980 1019 3034 Keelhoff
1052 2979 1258 3046 (Revue
1297 2981 1363 3035 de
1401 2980 1716 3050 Philologie,
1755 2980 1910 3050 XXI,
1948 2983 1998 3050 1,
2030 2999 2144 3052 pag.
2168 2983 2257 3046 37)

372 3085 500 3152 quia
538 3088 679 3139 inter
719 3085 880 3138 verba
917 3085 1010 3138 sed
1048 3090 1101 3138 et
1138 3102 1333 3155 mamm
1373 3088 1685 3156 transponit.

1251 3250 1382 3301 VIII.

447 3403 730 3457 Horatiani
771 3402 1036 3456 Carminis
1073 3402 1172 3472 ΙΙΙ,
1208 3403 1277 3453 26
1314 3403 1597 3455 consilium
1634 3407 1688 3456 et
1707 3407 2084 3472 argumentum
2107 3420 2183 3456 vs,
2210 3405 2255 3456 1.

376 3509 696 3562 vocabulum
733 3508 923 3575 puellis
966 3510 1150 3578 poscit,
1191 3509 1471 3561 lectionem
1515 3507 1701 3560 duellis
1738 3510 1956 3577 respuit.
