2462 4186
1291 406 1326 455 4

438 577 636 631 Sedulo
697 583 874 632 autem
933 583 1139 648 praeter
1198 582 1441 649 optimoS,
1500 582 1776 636 deterioris
1828 601 2046 654 quoque
2090 591 2245 640 notae

359 683 481 735 libri
521 685 840 737 consulendi
880 689 1007 737 sunt
1047 690 1209 754 atque
1250 690 1457 754 praeter
1495 687 1780 741 editionem
1820 674 2242 744 Teubnerianam

359 790 679 841 vetustiores
733 805 950 858 quoque
989 790 1264 857 editioneS,
1305 791 1360 841 in
1403 791 1602 859 quibus
1642 794 1888 862 inprimis
1929 794 2247 863 Burmanni,

360 891 738 962 Oudendorpii,
792 894 1044 962 Ernestii,
1098 894 1290 962 Orusii,
1344 897 1438 963 qui
1491 913 1691 965 omnes,
1744 904 1796 951 et
1835 900 1979 967 quod
2020 901 2086 952 ad
2126 905 2244 953 tex-

357 1004 472 1050 tum
514 1003 565 1051 et
605 1001 747 1068 quod
788 1000 852 1052 ad
894 1001 1306 1069 explicationem
1345 1003 1547 1070 attinet,
1589 1005 1784 1072 optime
1826 1011 2138 1058 meruerunt
2178 1006 2244 1058 de
2291 981 2294 983 ’

359 1108 575 1156 auctore
615 1109 814 1159 nostro,

433 1208 574 1272 Quid
632 1216 811 1264 autem
871 1213 970 1264 hoc
1022 1214 1312 1282 specimine
1365 1214 1646 1267 scribendo
1688 1216 1816 1267 mihi
1856 1218 2243 1285 proposuerim,

354 1318 538 1385 paucis
598 1317 776 1370 verbis
834 1319 911 1370 sic
969 1335 1263 1388 exponam:
1323 1319 1668 1373 Tractaturus
1709 1338 1830 1374 sum
1873 1322 2242 1375 tantummodo

355 1423 489 1476 duas
538 1425 673 1476 vitas
714 1425 931 1492 prioreS,
971 1441 1104 1493 quas
1145 1429 1391 1477 accurate
1429 1426 1613 1494 legens
1653 1442 2035 1495 saepenumero
2075 1430 2241 1482 incidi

353 1529 411 1580 in
450 1529 614 1596 locos,
656 1528 749 1581 ubi
788 1533 987 1597 textuS,
1027 1545 1187 1598 quem
1227 1529 1455 1583 Rothius
1497 1531 1676 1599 edidit,
1716 1548 1821 1584 non
1861 1534 1990 1586 satis
2021 1534 2238 1589 lucidus

355 1650 629 1703 sanusque
680 1635 811 1686 mihi
857 1635 1007 1687 visus
1045 1639 1141 1701 est,
1184 1634 1276 1686 ubi
1316 1639 1410 1687 aut
1449 1635 1710 1688 emblema
1751 1653 1834 1689 me
1874 1637 2106 1706 offendit,
2145 1644 2240 1692 aut

353 1741 554 1792 locutio
604 1757 790 1809 parum
833 1744 952 1810 apte
994 1740 1246 1793 adhibita.
1289 1740 1524 1794 Conatus
1564 1757 1688 1810 ergo
1730 1758 1868 1810 sum,
1909 1760 2237 1813 quamquam

357 1863 681 1916 „paucorum
734 1848 959 1916 gratiam
1016 1846 1444 1899 consecuturus''
1485 1846 1682 1914 (Rothii
1722 1847 1883 1900 verba
1924 1849 2053 1901 haec
2094 1854 2237 1918 sunt,

350 1953 519 2005 Praef.
574 1971 691 2022 pag.
745 1953 829 2019 V),
883 1969 1072 2005 sanare
1125 1953 1287 2020 locos,
1341 1954 1435 2022 qui
1489 1953 1697 2006 mendis
1750 1954 1926 2006 adhuc
1978 1954 2236 2023 laborant,

349 2059 464 2110 sive
516 2059 799 2111 vindicans
858 2059 1139 2111 lectionem
1199 2059 1430 2111 alicuius
1489 2059 1703 2127 codicis,
1762 2059 2230 2112 emendationesve

350 2165 585 2216 virorum
647 2165 945 2231 doctorum,
1001 2166 1115 2217 sive
1167 2180 1196 2217 e
1236 2165 1543 2217 coniectura
1582 2180 1700 2216 mea
1741 2165 2001 2217 medelam
2043 2182 2235 2235 propo-

349 2285 497 2322 nens.
552 2268 670 2332 Qua
708 2271 764 2321 in
806 2270 998 2338 agendi
1042 2271 1248 2322 ratione
1289 2285 1498 2338 semper
1536 2285 1852 2338 persuasum
1894 2269 2059 2322 habui
2099 2269 2231 2324 Sue-

345 2376 572 2442 tonium,
627 2376 876 2443 quamvis
928 2391 1033 2426 non
1091 2390 1284 2427 aureae
1335 2373 1640 2426 Latinitatis
1687 2375 2014 2443 scriptorem,
2053 2380 2231 2428 tamen

346 2479 438 2530 illo
487 2480 643 2532 modo
686 2479 918 2533 scribere
957 2479 1222 2546 debuisse,
1265 2483 1323 2532 ut
1364 2495 1563 2546 omneS,
1605 2478 1804 2548 quibus
1845 2479 2064 2532 historia
2106 2480 2233 2533 Cae-

345 2602 526 2637 sarum
569 2586 717 2637 cordi
758 2590 883 2653 erat,
922 2585 1220 2654 intelligere
1260 2601 1381 2637 eum
1425 2589 1658 2654 possent.
1701 2583 1850 2647 Quae
1890 2585 2041 2637 nullo
2074 2586 2231 2637 modo

346 2690 558 2743 defendi
618 2691 983 2759 explicarique
1040 2695 1266 2759 possunt
1327 2691 1407 2744 vel
1470 2690 1641 2743 delevi
1696 2691 1779 2742 vel
1817 2691 1892 2741 ita
1927 2691 2131 2742 mutavi
2171 2694 2232 2742 ut

345 2812 511 2848 sanus
551 2796 835 2864 bonusque
871 2813 1062 2849 sensus
1096 2797 1357 2849 evaderet.
1393 2795 1612 2865 Semper
1645 2796 1875 2864 cogitavi
1909 2794 2226 2847 Suetonium

343 2902 621 2970 scripsisse
661 2900 893 2953 breviter
932 2906 983 2953 et
1026 2903 1301 2969 concinne,
1343 2901 1435 2954 sed
1474 2900 1733 2970 brevitate
1771 2901 1955 2952 ieiuna
1999 2899 2228 2968 quadam

344 3011 395 3058 et
445 3006 556 3059 fere
605 3007 815 3075 puerili,
870 3023 977 3058 non
1018 3007 1124 3073 illa,
1167 3023 1326 3075 quam
1370 3006 1698 3058 admiramur
1736 3006 1792 3055 in
1833 3003 2028 3070 Tacit0,
2069 3020 2230 3072 quae-

345 3128 450 3180 que
509 3114 952 3182 epigrammatum
1014 3113 1153 3179 stylo
1215 3112 1487 3164 simillima
1545 3115 1639 3177 est,
1692 3124 1868 3178 neque
1919 3108 2229 3162 adhibuisse

340 3233 463 3269 eum
520 3220 775 3270 orationis
829 3223 1157 3286 ornamenta,
1214 3233 1352 3287 quae
1392 3217 1675 3269 laudamus
1716 3214 1858 3283 apud
1899 3212 2227 3279 Ciceronem,

342 3324 433 3375 sed
488 3325 564 3375 sic
618 3340 829 3392 semper
880 3326 1053 3392 egisse
1108 3328 1167 3376 ut
1221 3340 1383 3392 quam
1435 3322 1776 3391 paucissimis
1829 3319 2023 3386 verbis,
2064 3335 2225 3387 quam

341 3428 574 3496 plurima
628 3429 963 3497 exprimeret.
1014 3427 1334 3480 Rectissime
1371 3427 1611 3480 Suetonii
1658 3425 1925 3478 scribendi
1963 3425 2223 3476 rationem

342 3533 593 3584 describit
633 3532 732 3584 Vir
766 3534 1113 3585 doctissimus
1154 3532 1529 3601 Shuckburgh,
1564 3534 1618 3583 in
1655 3530 1812 3582 Vitae
1845 3529 2084 3597 Augusti
2118 3527 2225 3580 edi-
