2462 4186
1103 453 1167 501 21

562 646 664 697 per
720 645 772 679 se
827 630 1009 692 portus
1065 630 1112 677 et
1168 628 1547 693 naviyationem
1607 632 1654 680 et
1705 645 1961 680 aceessum
1998 630 2072 681 ad

568 731 798 784 insulam
835 729 1164 800 explorasset.

275 927 536 979 Venimus
594 927 662 978 ad
719 927 894 978 locum
951 925 1060 979 fere
1113 926 1468 995 desperatum.
1524 927 1724 980 Omnes
1776 927 1898 979 libri
1939 928 2067 981 Mss.

198 1033 416 1085 eandem
470 1031 724 1101 praebent
775 1032 1070 1099 lectionem,
1123 1049 1283 1100 quam
1339 1032 1491 1085 valde
1531 1034 1784 1085 mendose
1823 1033 2066 1085 traditam

196 1153 312 1190 esse
355 1137 601 1189 viderunt
639 1138 952 1205 interpretes
993 1138 1232 1188 omnium
1275 1141 1521 1189 aetatum.
1559 1137 1662 1190 Sed
1685 1138 1810 1189 olim
1832 1143 2065 1191 tantum-

179 1242 354 1293 modo
394 1243 451 1293 in
491 1241 765 1294 vocabulis
800 1258 897 1306 per
934 1258 987 1293 se
1028 1243 1314 1294 haeserunt
1354 1243 1453 1292 viri
1487 1242 1641 1309 docti,
1675 1248 1816 1295 recte
1851 1260 2067 1296 monen-

192 1350 271 1398 tes
330 1361 437 1397 non
497 1344 771 1398 Gaesarem
833 1361 925 1413 per
965 1361 1022 1397 se
1061 1345 1426 1413 exploravisse
1459 1344 1793 1397 Britanniam
1838 1347 1929 1399 sed
1970 1363 2068 1415 per

193 1450 252 1502 G.
299 1450 653 1519 Volusenum,
697 1454 755 1502 ut
791 1451 906 1519 ipse
947 1449 1100 1502 nobis
1142 1449 1352 1509 disertis
1393 1449 1569 1502 verbis
1610 1455 1788 1502 narrat
1828 1451 1885 1510 in
1925 1467 2067 1502 com-

193 1556 465 1608 mentariis
506 1555 570 1607 de
610 1554 760 1607 Bello
800 1554 1003 1606 Gallico
1044 1553 1173 1621 (Lib.
1215 1553 1308 1622 IV,
1349 1570 1389 1606 c.
1415 1555 1517 1620 21).
1538 1555 1708 1607 Addit
1728 1555 1857 1608 haec
1876 1555 2063 1608 Ruhn-

189 1660 413 1712 kenius:
466 1658 654 1727 „Quod
694 1676 816 1711 cum
856 1659 1146 1711 Suetonius
1185 1661 1431 1728 ignorare
1470 1676 1578 1711 non
1620 1662 1866 1729 potuerit,
1906 1662 2060 1730 culpa

189 1765 463 1818 referenda
520 1771 600 1817 est
656 1766 714 1816 in
765 1764 1024 1832 librariOS,
1065 1766 1160 1833 qui
1201 1765 1345 1817 hunc
1383 1765 1559 1817 locum
1600 1765 1890 1818 vitiarint.''
1930 1767 2062 1820 Inde

189 1871 451 1923 coniicere
510 1875 799 1939 coeperunt
850 1870 951 1921 viri
1004 1870 1160 1923 docti.
1214 1869 1558 1922 Boxhornius
1598 1875 1649 1922 et
1689 1869 1948 1923 Heinsius
1988 1872 2061 1923 le-

187 1976 422 2045 gendum
482 1979 875 2048 proposuerunt
926 1991 1184 2041 persaepe,
1243 1975 1566 2028 Berneccius
1626 1982 1677 2028 et
1715 1976 1930 2046 Lipsius
1964 1994 2061 2043 per

186 2095 320 2147 suOS,
372 2079 652 2132 Ernestius
702 2080 809 2131 nisi
858 2085 981 2132 ante
1031 2096 1189 2149 quam
1240 2096 1279 2132 e.
1304 2097 1351 2148 q.
1375 2097 1434 2148 s.,
1486 2080 1835 2134 Burmannus
1880 2083 2057 2151 ipsum

188 2182 504 2236 Suetonium
577 2200 782 2236 errasse
854 2188 1084 2236 statuere
1156 2183 1399 2236 malebat.
1459 2183 1616 2236 Solus
1675 2184 2059 2254 Baumgarten-

189 2287 412 2340 Crusius
477 2287 710 2340 defendit
766 2288 1048 2341 lectionem
1109 2288 1395 2356 vulgatam,
1456 2293 1718 2340 annotans
1776 2294 2057 2358 postquam

186 2394 367 2445 citavit
422 2394 592 2461 ipsius
654 2391 893 2445 Caesaris
947 2392 1136 2444 verba:
1185 2392 1319 2458 „Sed
1360 2393 1458 2444 hoc
1497 2409 1603 2444 non
1644 2383 1880 2461 impedit,
1925 2410 2055 2462 quo-

187 2499 366 2550 minus
425 2502 477 2550 et
522 2514 625 2565 per
674 2513 739 2564 se,
792 2499 827 2548 i.
851 2513 895 2549 e.
936 2497 1046 2562 ipse
1084 2496 1160 2564 (δι’
1203 2496 1411 2566 {xva-0⁶21),
1436 2498 1614 2550 locum
1656 2499 2056 2567 perspeculatus

183 2602 360 2655 fuerit.
401 2593 487 2652 Ex
531 2600 770 2653 Caesaris
810 2601 1021 2653 silentio
1063 2601 1300 2653 nondum
1342 2600 1596 2654 Nostrum
1637 2605 1832 2656 erroris
1871 2620 2056 2672 argue-

184 2704 336 2757 rim.’'
377 2705 505 2758 Post
544 2706 673 2758 haec
712 2707 838 2757 citat
878 2706 1051 2757 varias
1092 2706 1488 2759 emendationes
1529 2711 1580 2758 et
1621 2707 1811 2760 deinde
1847 2709 1923 2760 sic
1942 2724 2057 2776 per-

184 2810 288 2878 git:
342 2807 484 2876 „Alii
514 2809 831 2878 Imperatori
870 2809 1130 2876 tribuunt,
1157 2795 1306 2877 ‘quae
1344 2825 1439 2878 per
1476 2810 1680 2879 legatos
1718 2811 2057 2864 administra-

183 2916 332 2968 verit.
384 2914 487 2967 Sed
524 2916 599 2966 ita
637 2918 825 2966 auctor
864 2930 971 2965 non
1013 2914 1206 2966 diserte
1246 2914 1536 2967 addidisset
1570 2931 1669 2980 per
1707 2914 1811 2968 se’'.
1853 2916 2058 2968 Ultima

185 3021 314 3073 haec
353 3021 530 3088 opinio
569 3019 672 3071 fuit
711 3019 892 3071 Vossii
931 3023 983 3071 et
1021 3019 1310 3085 Berneccii,
1352 3020 1495 3088 quod
1535 3024 1709 3073 tamen
1751 3038 1781 3073 a
1816 3021 2058 3074 Suetonii

186 3125 326 3192 stylo
359 3125 592 3177 alienum
634 3140 751 3176 esse
790 3130 1116 3176 monuerunt
1155 3128 1206 3176 et
1238 3123 1520 3177 Ernestius
1554 3130 1606 3178 et
1628 3124 2053 3195 Oudendorpius.

185 3229 474 3282 Suetonius
515 3230 655 3281 enim
692 3243 898 3296 semper
937 3228 1220 3296 distinguit
1250 3245 1351 3297 per
1390 3245 1442 3281 36
1482 3235 1533 3281 et
1567 3246 1664 3298 per
1701 3230 1904 3297 leyatOS,
1942 3232 2055 3284 sive

182 3335 341 3406 ductu
377 3335 548 3403 ipsius
586 3333 940 3402 ImperatoriS,
982 3333 1067 3385 vel
1107 3335 1474 3386 tantummodo
1517 3335 1633 3387 eius
1673 3336 1940 3403 auspiciis.

257 3438 503 3492 Fortasse
555 3442 732 3491 autem
788 3453 971 3491 omnes
1008 3438 1131 3490 illae
1170 3438 1566 3491 emendationes
1609 3439 1836 3491 alicuius
1876 3444 2053 3492 essent

193 3545 462 3613 momenti,
523 3545 570 3596 si
628 3547 898 3615 praeterea
954 3543 1087 3596 nihil
1141 3544 1256 3594 vitii
1297 3542 1552 3611 subesset,
1592 3544 1682 3595 sed
1723 3544 1862 3595 inest
1902 3545 2059 3596 etiam
