2488 4042
824 1316 1546 1389 PRAEFATIO.

326 1874 668 1944 Quicumque
701 1880 884 1928 nostra
918 1880 1087 1928 aetate
1120 1892 1326 1945 operam
1364 1878 1452 1929 dat
1479 1877 1749 1944 Suetoni0‚
1784 1885 1905 1931 ante
1941 1881 2118 1931 omnia

238 1981 506 2032 ‘rationem
561 1980 755 2032 habere
806 1980 940 2033 solet
994 1981 1241 2034 editionis
1287 1981 1699 2050 Teubnerianae‚
1754 2000 1913 2051 quam
1969 2000 2119 2036 cura-

249 2087 326 2137 vit
367 2084 420 2136 C.
459 2083 515 2136 L.
554 2084 796 2137 Rothius.
837 2085 1016 2137 Editio
1055 2086 1160 2153 illa,
1200 2086 1325 2139 inde
1364 2086 1429 2138 ab
1471 2104 1611 2139 anno
1657 2088 1814 2154 1857,
1850 2105 2022 2157 usque
2056 2090 2122 2140 ad

253 2191 393 2242 1890
454 2206 609 2259 saepe
673 2192 788 2242 sine
842 2190 951 2242 ulla
1005 2192 1297 2243 mutatione
1350 2192 1584 2259 repetita,
1639 2208 1956 2261 magnopere
2006 2193 2123 2245 lau-

251 2294 372 2346 data
429 2299 509 2347 est
560 2311 591 2346 a
643 2295 773 2346 viris
826 2294 1010 2360 doctiS‚
1065 2311 1294 2362 quorum
1346 2296 1403 2346 in
1457 2312 1618 2347 manu
1669 2296 1779 2349 fere
1833 2298 1945 2349 sola
1996 2302 2124 2365 erat,

250 2399 442 2466 spretis
510 2397 892 2451 vetustioribus
952 2398 1294 2466 editionibus,
1351 2400 1570 2468 perinde
1628 2416 1688 2452 ac
1746 2403 1791 2452 si
1849 2401 2124 2469 praeberet

251 2502 492 2555 Suetonii
544 2507 752 2555 textum
806 2503 1058 2555 omnibus
1111 2504 1187 2555 rei
1240 2504 1452 2555 criticae
1492 2503 1746 2557 subsidiis
1785 2506 2122 2558 instructum.

251 2605 314 2658 Id
363 2611 541 2659 tamen
591 2609 808 2659 minime
860 2623 1046 2658 verum
1101 2611 1192 2659 est.
1247 2605 1387 2669 Quid
1427 2609 1567 2660 enim
1610 2609 1734 2661 dare
1774 2611 1981 2662 studuit
2019 2611 2122 2663 Ro-

253 2710 437 2762 thius?
472 2710 560 2762 Sic
599 2711 879 2762 consilium
923 2726 1083 2762 suum
1124 2711 1180 2761 in
1214 2711 1536 2778 praefatione
1571 2715 1845 2781 exposuit:
1886 2715 2119 2780 „Verum

255 2814 352 2865 hoc
398 2814 636 2865 nondum
684 2816 814 2866 satis
853 2814 1144 2882 perfectum
1186 2830 1303 2866 esse
1341 2816 1564 2882 videtur,
1607 2821 1666 2869 ut
1706 2834 1774 2870 ex
1812 2818 2020 2871 infinito
2062 2821 2124 2871 li-

254 2917 470 2969 brorum
513 2933 736 2970 numero
775 2919 959 2986 optimi
999 2923 1050 2970 et
1082 2920 1441 2986 antiquissimi
1475 2920 1739 2989 eligantur
1770 2939 1830 2974 ac
1850 2927 2122 2992 tamquam

255 3022 417 3074 duces
470 3021 578 3088 fidi,
630 3039 765 3091 quos
812 3039 1078 3091 nusquam
1119 3024 1224 3075 nisi
1257 3024 1314 3074 in
1355 3029 1563 3092 apertos
1602 3041 1805 3078 errores
1842 3028 2127 3080 inciderint

255 3126 372 3194 ipsi,
424 3126 664 3178 deserere
714 3127 881 3192 liceat,
934 3126 1334 3179 observentur.''
1381 3126 1654 3195 Optimum
1700 3130 1913 3197 quidem
1954 3133 2124 3183 consi-

257 3230 405 3294 lium,
459 3231 600 3297 quod
652 3235 825 3282 tamen
879 3230 1129 3282 Rothium
1185 3247 1290 3282 non
1347 3247 1555 3299 semper
1605 3235 1855 3299 tenuisse,
1896 3237 2126 3289 maxime

258 3335 546 3386 dolendum
601 3341 693 3387 est.
747 3336 912 3386 Addit
966 3336 1122 3403 paulo
1163 3335 1412 3387 inferius:
1460 3336 1609 3401 „Hoc
1648 3344 1912 3405 praestare
1953 3342 2125 3391 conati

1934 3430 1957 3470 1
