2462 4186
1191 469 1256 519 61

291 643 518 711 Curiata,
578 646 631 695 in
691 644 908 696 alterius
962 647 1269 712 potestatem
1323 646 1549 696 transire
1588 648 1859 712 poterant3
1902 645 2030 696 haec
2068 648 2148 695 est

287 748 566 816 adrogatio.
609 747 774 800 Cuius
813 749 1032 800 rationis
1070 749 1387 800 mentionem
1429 747 1556 800 facit
1594 747 1882 800 Suetonius
1914 748 2150 800 eiusdem

287 854 425 906 vitae
465 870 575 922 cap.
616 853 702 919 65,
743 854 885 904 hisce
926 853 1129 905 verbis:
1178 893 1202 918 „
1384 853 1675 921 Agrippam
1716 853 1987 920 simulque
2006 851 2156 903 Tibe-

286 959 425 1010 rium
485 958 752 1026 adoptavit
810 959 864 1009 in
923 958 1036 1009 foro
1084 959 1199 1026 lege
1241 957 1503 1010 Curiata.'’
1548 957 1696 1019 Quae
1736 974 1859 1010 vero
1901 959 1998 1009 hoc
2038 959 2153 1009 loco

284 1062 493 1114 disertis
533 1062 710 1114 verbis
748 1066 926 1114 narrat
965 1067 1164 1129 auctor,
1204 1079 1314 1130 cur,
1356 1079 1567 1130 quaese,
1610 1078 1671 1114 ea
1707 1079 1811 1114 non
1836 1078 2180 1136 commemo-h

284 1171 424 1219 raret
462 1168 631 1235 capite
669 1167 1054 1235 praecedente?

357 1271 420 1323 Id
470 1274 610 1323 enim
653 1276 746 1339 est,
789 1272 931 1339 quod
970 1273 1025 1323 in
1069 1274 1330 1324 sententia
1371 1278 1552 1324 nostra
1593 1273 1919 1340 quaerimuS,
1960 1288 2151 1340 nempe

276 1394 383 1446 quo
432 1377 578 1429 modo
628 1377 967 1445 adoptaverit.
1021 1378 1201 1445 Atque
1244 1378 1299 1428 id
1337 1379 1514 1445 ipsum
1558 1394 1772 1430 narrare
1816 1378 1984 1429 voluit
2023 1377 2152 1429 Sue-

282 1483 489 1534 tonius:
531 1483 838 1551 Augustum
879 1483 1215 1550 adoptavisse
1257 1482 1315 1534 Gr.
1356 1489 1407 1535 et
1445 1482 1500 1534 L.
1543 1500 1648 1534 non
1685 1482 2024 1552 adroyatione
2057 1484 2148 1535 sed

279 1586 676 1654 mancipatione,
731 1602 888 1653 quam
950 1586 1016 1637 ob
1079 1602 1292 1637 causam
1347 1602 1468 1638 eum
1512 1587 1788 1655 scripsisse
1827 1592 1971 1655 pute,
2014 1604 2149 1638 non:

283 1690 478 1743 Gaium
529 1694 576 1742 et
625 1690 686 1742 L.
736 1690 1016 1757 adoptavit,
1062 1690 1198 1742 domi
1224 1708 1326 1759 per
1364 1708 1529 1743 assem
1566 1709 1604 1742 e.
1624 1708 1669 1759 q.
1690 1708 1746 1758 8.,
1786 1691 1907 1743 sed:
1955 1690 2150 1743 Gaium

278 1800 324 1846 et
380 1795 440 1847 L.
498 1795 763 1863 adoptavit
813 1794 962 1862 domi,
1010 1812 1103 1860 per
1153 1812 1320 1847 assem
1371 1800 1419 1847 et
1469 1795 1654 1848 libram
1692 1800 1884 1861 emptos
1923 1813 1958 1847 a
1998 1800 2150 1865 patre

278 1900 534 1969 Ayrippa.

352 2005 788 2074 Interpunctione
840 2010 1038 2057 mutata
1086 2007 1189 2056 iam
1247 2005 1301 2056 id
1352 2006 1594 2073 legimUS,
1638 2007 1781 2074 quod
1823 2007 2150 2074 quaerimuS,

278 2129 423 2164 nunc
462 2114 603 2168 enim
646 2113 844 2164 scimus
884 2111 975 2163 ubi
1013 2111 1149 2162 facta
1189 2112 1258 2162 sit
1297 2111 1611 2178 mancipatio
1651 2110 1757 2177 illa,
1799 2115 1962 2178 atque
1983 2112 2140 2162 etiam

277 2233 398 2268 cum
441 2218 615 2269 utrius
654 2219 870 2269 nomine
910 2217 1281 2285 coniungenda
1320 2218 1388 2268 sit
1428 2217 1618 2268 domus
1652 2217 1756 2268 illa.
1790 2216 1870 2267 Ea
1890 2218 2143 2268 nimirum

277 2326 356 2373 est
412 2323 661 2391 Augusti.
726 2321 896 2374 Probe
955 2322 1063 2373 scio
1125 2321 1285 2389 vulgo
1339 2321 1767 2389 mancipationem
1821 2320 1936 2372 fieri
1976 2321 2146 2372 solere

274 2426 416 2494 apud
473 2430 781 2494 praetorem,
840 2426 989 2494 apud
1042 2442 1171 2493 eam,
1222 2424 1366 2493 apud
1402 2442 1552 2494 quem
1591 2424 1716 2493 leyis
1752 2425 1885 2476 actio
1922 2429 2008 2490 est,
2054 2425 2147 2476 sed

273 2531 412 2582 idem
474 2536 679 2583 constat
732 2531 795 2583 de
847 2532 1130 2599 emptione,
1171 2531 1313 2582 unde
1359 2530 1566 2582 efficere
1603 2546 1890 2599 possumus
1931 2530 2147 2582 licuisse

273 2635 521 2704 Augusto
574 2636 715 2687 domi
765 2636 1154 2704 adoptationem
1195 2634 1460 2703 perficere,
1501 2636 1628 2702 quia
1667 2636 1780 2703 ipse
1823 2635 2144 2686 iurisdictio-

273 2755 392 2792 nem
436 2739 673 2792 habebat.

574 2955 699 3021 Cap.
742 2956 826 3007 67.
868 2954 1153 3008 Diomeden
1197 2955 1610 3020 dispensatorem,
1650 2974 1684 3008 a
1724 2972 1824 3025 qao
1862 2955 2018 3008 simul
2036 2973 2143 3008 am-

640 3060 851 3112 bulante
900 3061 1199 3111 incurrenti
1248 3065 1454 3125 repente
1505 3060 1617 3128 fero
1653 3076 1784 3124 apro
1816 3076 1914 3124 per
1952 3064 2139 3113 metam

639 3164 855 3216 obiectus
923 3168 1010 3230 est,
1081 3164 1269 3215 maluit
1338 3163 1631 3215 timiditatis
1701 3180 1923 3231 arquere
1980 3181 2139 3232 quam

639 3283 804 3320 noxae
844 3285 881 3319 e.
904 3284 949 3336 q.
971 3283 1009 3318 3.

343 3463 526 3516 Veteri
564 3464 668 3514 iam
710 3462 1001 3530 interpreti,
1039 3461 1327 3528 TorrentiO,
1362 3466 1667 3530 suspectum
1688 3461 1792 3512 fuit
1814 3461 2130 3513 adiectivum

266 3568 452 3636 feram.
512 3565 827 3619 Defenditur
877 3571 1049 3618 tamen
1105 3583 1135 3616 a
1191 3565 1519 3633 Burmanno,
1559 3567 1652 3633 qui
1691 3565 1839 3617 affert
1878 3566 2137 3617 nonnulla
