2462 4186
1173 505 1241 554 35

270 697 338 733 ex
376 697 437 733 ea
475 696 532 733 re
571 681 903 749 apparuisset
943 679 1381 747 paludamentum
1421 694 1544 730 eum
1585 677 1841 730 abiecisse
1864 681 1922 729 ut
1944 676 2136 728 melius

268 786 571 854 fortiusque
610 800 848 852 pugnare
887 788 1080 852 posset,
1122 783 1265 852 quod
1305 799 1450 834 nunc
1489 787 1668 834 tamen
1710 798 1816 833 non
1855 781 1992 833 fecit.

342 890 535 943 Levior
573 894 704 941 tunc
742 889 931 941 fuisset
972 888 1264 956 turpitudO,
1306 889 1560 955 quoniam
1604 902 1788 938 omnes
1829 886 2023 937 milites
2063 887 2140 935 vi-

270 995 393 1047 dere
433 994 731 1062 potuissent
771 993 960 1045 ducem
1004 1008 1218 1060 quoque
1258 992 1582 1059 pugnavisse
1622 1006 1787 1058 seque
1827 989 2142 1041 defendisse.

268 1098 428 1150 Nunc
466 1098 900 1166 paludamentum
942 1096 1132 1148 abiecit
1171 1111 1239 1148 ne
1275 1095 1410 1147 forte
1439 1095 1620 1162 fugam
1663 1094 1956 1162 impediret,
1995 1109 2141 1144 nunc

270 1203 334 1255 de
373 1207 540 1254 semet
577 1203 692 1270 ipso
732 1206 940 1253 tantum
982 1201 1301 1269 cogitavisse
1340 1200 1650 1267 Augustum
1692 1203 1924 1267 apparet.

345 1305 552 1368 Quibus
600 1306 664 1358 de
705 1307 883 1357 causis
923 1321 1236 1373 persuasum
1279 1303 1446 1355 habeo
1487 1304 1781 1368 lectionem,
1824 1319 1983 1370 quam
2024 1319 2142 1371 pro·

269 1427 426 1480 pon0‚
481 1411 726 1478 quamvis
778 1410 1128 1469 audaciorem,
1169 1413 1344 1460 tamen
1385 1408 1602 1459 omnino
1641 1406 1989 1458 abiiciendam
2032 1422 2140 1457 non

269 1532 400 1583 esse,
457 1520 619 1583 atque
674 1516 840 1582 igitur
897 1513 1038 1581 apud
1097 1512 1412 1564 Suetonium
1472 1510 1754 1579 legendum
1815 1525 2005 1562 censeo
2047 1525 2140 1577 pro

269 1638 494 1691 equoque
529 1620 812 1690 clypeoque.

572 1835 696 1905 Cap.
760 1837 843 1887 11.
903 1834 1015 1887 Hoc
1072 1833 1195 1886 bello
1250 1850 1365 1885 eum
1415 1831 1634 1884 Hirtius
1683 1832 1739 1883 iu
1791 1831 1915 1899 acie,
1956 1830 2140 1883 Pausa

630 1941 794 2010 paulo
829 1944 946 2006 post
982 1957 1045 1992 em
1083 1939 1295 1991 vulnere
1330 1939 1597 2003 perissent,
1636 1953 1820 1989 rumor
1857 1935 2142 1988 increbruit

640 2046 812 2098 ambos
851 2061 1008 2110 opera
1046 2044 1156 2096 eius
1191 2043 1388 2101 occisae,
1427 2046 1487 2093 ut
1523 2041 1751 2093 Antonio
1788 2039 1984 2109 fuqato,
2015 2058 2072 2093 re
2083 2059 2139 2110 p.

643 2148 935 2202 consulibus
973 2147 1156 2200 orbata
1187 2147 1328 2200 solus
1358 2148 1570 2200 victores
1589 2146 1838 2198 ewereitus
1859 2149 2140 2215 occuparet.

345 2348 499 2401 Hanc
538 2349 818 2400 lectionem
861 2345 1115 2415 praebent
1155 2346 1396 2421 plerique
1434 2344 1658 2410 codices,
1697 2345 1749 2394 in
1795 2342 1992 2411 quibus
2032 2359 2141 2394 om-

271 2456 420 2506 nium
481 2455 729 2522 optimus,
787 2452 1159 2504 Memmianus.
1219 2449 1367 2502 Haec
1425 2453 1505 2502 est
1563 2465 1739 2515 causa,
1778 2465 1875 2500 cur
1912 2447 2140 2499 Rothius

270 2558 529 2610 librorum
587 2557 732 2623 Mss.,
788 2556 1050 2624 imprimis
1107 2554 1431 2621 Memmiani‚
1485 2554 1853 2605 auctoritatem
1906 2555 2141 2620 secutus,

271 2664 428 2715 etiam
486 2678 632 2713 nunc
683 2663 740 2713 in
780 2660 1010 2712 editione
1050 2676 1148 2711 sua
1187 2659 1466 2711 lectionem
1507 2658 1770 2723 traditam,
1811 2673 2139 2726 quamquam

273 2767 596 2833 mendosam,
651 2766 944 2818 retinuerit.
1003 2763 1257 2816 Mendose
1314 2765 1454 2816 enim
1515 2763 1767 2814 traditum
1828 2777 1944 2814 esse
1997 2762 2141 2812 hunc

272 2871 448 2922 locum
487 2872 593 2922 iam
633 2870 884 2922 viderunt
923 2872 1129 2920 veteres
1170 2868 1386 2936 quidam
1426 2869 1753 2935 interpretes.

345 2974 539 3027 Nostra
597 2978 772 3026 autem
833 2976 1000 3025 aetate
1050 2972 1306 3024 Polakius
1360 2975 1514 3023 acute
1566 2971 1776 3023 deloco
1817 2973 1996 3022 nostro
2037 2970 2143 3021 dis·

275 3080 470 3145 seruit;
542 3082 659 3146 post
727 3093 850 3129 eum
919 3076 1159 3144 aliosque
1226 3076 1576 3141 doctissimos,
1636 3078 1698 3126 ut
1754 3073 2148 3138 Burmannum,

276 3182 731 3250 Oudendorpium‚
771 3180 1037 3246 Crusium,
1077 3195 1247 3247 pauca
1289 3179 1547 3247 quaedam
1590 3179 1719 3229 mihi
1741 3176 1981 3229 addenda
2002 3179 2143 3228 sunt.

275 3287 554 3338 Antonius·
602 3285 819 3353 fugatus
877 3288 957 3336 est
1016 3287 1067 3335 et
1116 3283 1324 3335 Pansae
1372 3298 1588 3351 quoque
1627 3282 1808 3350 copiae
1846 3281 2020 3348 primo
2062 3279 2146 3331 die

273 3391 426 3443 fusae
485 3394 640 3453 sunt3
695 3390 991 3441 rectissime
1030 3403 1154 3455 ergo
1196 3402 1380 3439 omnes
1418 3387 1528 3439 fere
1566 3388 1880 3454 interpretes
1927 3399 2146 3435 monue-

275 3499 405 3547 runt
443 3495 710 3547 exercitus
749 3493 965 3544 victores
1006 3492 1254 3560 appellari
1293 3508 1398 3543 non
1442 3506 1609 3559 posse.
1649 3490 1846 3542 Veram
1866 3489 2144 3541 lectionem

277 3602 628 3650 servaverunt
668 3597 773 3648 duo
814 3597 1037 3662 codices,
1077 3595 1510 3647 Vindobonensis
1551 3598 1602 3646 et
1643 3592 2013 3660 ViterbiensiS,
2056 3595 2148 3661 qui
