2462 4186
1140 471 1203 522 41

241 645 355 696 lieri
398 645 802 696 nomenclatoris
845 643 1013 695 usus?
1055 642 1246 694 Omnia
1286 647 1611 711 argumenta,
1653 660 1789 712 quae
1823 644 1888 695 ad
1938 644 2110 695 locum

245 752 486 800 nostrum
539 747 926 800 defendendum
970 746 1221 799 adhibent
1260 748 1356 797 viri
1400 747 1555 815 docti,
1596 763 1663 799 ex
1704 748 1803 799 hoc
1842 750 1958 816 ipso
1996 748 2112 800 loco

244 853 510 905 hauriunt.
544 852 844 921 Nusquam,
877 855 986 903 tota
1017 850 1314 918 Latinitate,
1346 851 1523 902 locum
1552 852 1793 903 invenire
1812 867 2114 919 possumus,

245 957 387 1008 unde
436 960 684 1025 appareat
736 955 897 1007 ullam
948 955 1203 1007 feminam
1258 971 1494 1022 unquam
1535 955 1981 1007 nomenclatorem
2024 957 2112 1006 ha·

245 1059 438 1112 buisse.
500 1058 641 1126 Loci,
700 1075 834 1127 quos
873 1059 1038 1110 citant
1077 1074 1145 1111 ex
1185 1057 1366 1125 Statio,
1406 1074 1471 1110 ex
1516 1057 1756 1110 Martiale
1796 1058 1926 1124 (Lib.
1965 1059 2115 1111 VIII.

244 1162 338 1231 Ep.
381 1163 633 1229 21—23),
674 1177 741 1214 ex
783 1161 991 1214 Iustino
1034 1161 1162 1226 (Lib.
1203 1160 1385 1213 XXX.
1426 1178 1467 1213 c.
1503 1163 1571 1230 2),
1611 1178 1830 1230 prorsus
1866 1164 1997 1216 alias
2030 1180 2114 1217 res

243 1270 476 1334 narrant,
527 1271 687 1335 atque
740 1267 810 1333 id,
855 1267 997 1335 quod
1038 1268 1093 1317 in
1135 1267 1201 1318 iis
1244 1267 1569 1334 quaerimus.
1612 1266 1957 1319 Burmannus
1998 1269 2114 1336 qui-

244 1370 362 1422 dem
403 1371 457 1421 in
490 1369 596 1422 fine
629 1371 987 1423 annotationis
1020 1386 1149 1423 suae
1169 1372 1295 1422 citat
1315 1371 1490 1423 locum
1512 1371 1674 1422 Plinii
1696 1370 1823 1437 (Lib.
1846 1371 2114 1423 XXXIII.

245 1491 285 1526 c.
342 1475 410 1542 6),
463 1475 604 1527 unde
656 1476 860 1527 haurit:
915 1474 1198 1541 „Mulieres
1239 1491 1364 1527 vero
1405 1476 1595 1527 divites
1635 1480 1686 1527 et
1726 1475 1922 1543 quibus
1960 1475 2115 1527 turba

248 1593 523 1630 servorum
577 1583 730 1645 esset,
783 1582 1074 1646 potuerunt
1116 1594 1330 1646 quoque
1366 1594 1632 1631 servorum
1668 1595 1843 1646 causa,
1883 1595 2110 1647 quorum

248 1683 464 1734 nomina
514 1681 843 1751 ignorabant,
896 1683 1358 1735 nomenculatores
1405 1682 1706 1736 adhibere.''
1746 1683 1957 1736 Plinius
1995 1683 2113 1736 fuse

247 1788 483 1855 disputat
540 1802 602 1839 eo
660 1786 774 1839 loco
827 1786 892 1839 de
938 1786 1075 1838 luxu
1129 1788 1213 1839 sui
1266 1789 1533 1856 temporiS,
1573 1788 1637 1840 de
1677 1788 1962 1840 anulorum
2006 1805 2106 1841 usu

246 1896 361 1959 etc.,
413 1891 505 1943 sed
556 1907 624 1943 ne
677 1890 835 1943 verbo
882 1892 1096 1960 quidem
1135 1892 1245 1944 illic
1286 1893 1608 1944 mentionem
1650 1892 1775 1944 facit
1814 1893 2113 1944 mulierum.

245 1994 393 2057 Quae
446 1995 583 2047 dixit
631 1995 842 2072 Plinius
895 1995 960 2048 de
1010 1996 1496 2049 nomenclatoribus
1549 1997 1877 2065 adhibendis,
1917 1999 2111 2051 intelli-

244 2099 417 2168 genda
457 2103 583 2151 sunt
621 2100 686 2151 de
725 2101 868 2168 viris,
908 2117 1016 2152 non
1057 2101 1121 2153 de
1161 2101 1492 2153 mulieribus,

316 2203 611 2256 Fatendum
666 2208 843 2256 tamen
897 2208 976 2256 est
1030 2204 1346 2257 vocabulum
1395 2204 1644 2274 mulieriS,
1684 2211 1790 2258 tam
1832 2207 1976 2259 nude
2013 2223 2104 2276 po-

244 2309 423 2375 situm,
478 2307 746 2376 plerisque
803 2309 930 2360 viris
989 2309 1159 2361 doctis
1218 2310 1581 2385 displicuisse3
1639 2311 1895 2363 librorum
1938 2316 2114 2363 tamen

244 2410 370 2465 Mss.
425 2414 792 2465 auctoritatem
854 2415 1127 2482 aspernari
1184 2430 1292 2466 non
1347 2417 1466 2468 ausi
1506 2420 1645 2468 sunt.
1687 2415 1790 2469 Sed
1829 2416 1895 2468 ad
1934 2417 2111 2485 ipsum

241 2516 414 2568 locum
453 2516 732 2570 redeamus
772 2522 824 2570 et
862 2517 1140 2570 videamus
1179 2519 1308 2587 quid
1348 2524 1526 2572 narret
1569 2524 1768 2572 auctor.

316 2619 628 2673 Coniuravit
678 2621 940 2690 Telephus
993 2622 1226 2690 quidam,
1267 2638 1455 2675 servus
1496 2624 1750 2676 mulieris.
1791 2623 1958 2677 Cuius
1998 2642 2114 2677 mu-

243 2725 427 2778 lieris?
468 2725 632 2795 Quae,
675 2742 886 2795 quaeSO,
926 2731 1006 2779 est
1044 2727 1172 2779 haec
1213 2728 1443 2780 mulier?
1484 2728 1541 2780 Si
1576 2744 1761 2796 verum
1798 2733 1949 2796 esset,
1972 2729 2114 2797 quod

244 2830 573 2882 contendunt
626 2847 810 2883 omnes
861 2832 1191 2900 interpreteS,
1232 2848 1389 2901 saepe
1427 2837 1597 2885 aetate
1636 2833 1972 2901 imperatoria
2010 2834 2114 2885 fac-

244 2938 359 2986 tum
419 2951 535 2987 esse
592 2940 652 2987 ut
710 2936 960 2988 mulieres
1013 2952 1228 3004 quoque
1281 2936 1767 2989 nomenclatoribus
1824 2942 2115 3006 uterentur,

244 3039 367 3092 luce
423 3039 620 3091 clarius
678 3043 758 3092 est
801 3044 1068 3092 matronas
1108 3042 1476 3093 tantummodo
1519 3042 1877 3095 nobilissimas
1919 3044 2114 3096 ditissi-

246 3158 467 3210 masque
525 3143 687 3195 huius
744 3145 953 3212 generis
1013 3160 1195 3197 servos
1253 3145 1516 3198 habuisse.
1576 3146 1632 3199 Si
1690 3163 1813 3215 ergo
1852 3147 2113 3216 Telephus

247 3247 489 3299 mulieris
548 3263 735 3300 servus
791 3247 996 3316 fuisset,
1054 3250 1170 3301 sine
1226 3249 1388 3301 dubio
1447 3266 1640 3303 nomen
1693 3251 1837 3303 illius
1878 3251 2114 3304 mulieris

246 3366 341 3419 per
410 3354 572 3402 totam
641 3349 824 3403 urbem
891 3353 1162 3420 cognitum
1220 3352 1422 3420 fuisset,
1482 3355 1845 3406 coniuratione
1901 3354 2115 3423 Telephi

247 3469 442 3506 nomen
498 3454 634 3506 illud
691 3456 748 3505 in
802 3457 1039 3507 omnium
1103 3471 1192 3508 ore
1248 3456 1452 3524 fuisset,
1512 3461 1576 3524 et,
1629 3457 1770 3525 quod
1822 3474 1916 3526 pro
1971 3462 2112 3511 certo

248 3556 442 3611 habere
498 3573 799 3626 possumus,
832 3559 897 3611 ad
932 3559 1170 3612 Suetonii
1210 3577 1425 3629 quoque
1465 3577 1619 3614 aures
1659 3561 1906 3614 venisset.
1946 3562 2116 3614 Nimi-
