2462 4186
1159 464 1224 515 71

622 637 816 706 lectica,
864 637 989 690 dum
1036 643 1231 691 ceterae
1281 642 1553 692 matronae
1601 638 1902 707 dormirent,
1941 637 2119 690 obdor-

625 741 773 794 misse
811 759 849 795 ε.
870 759 918 812 q.
937 759 975 794 s,

329 945 415 997 Ad
456 946 599 998 hunc
637 946 814 999 locum
855 952 997 1001 recte
1036 950 1311 1001 annotavit
1352 949 1603 1002 Crusius:
1651 949 1930 1015 „Ceterum
1966 949 2119 1000 vitio-

257 1066 370 1102 sam
421 1066 538 1103 esse
573 1052 884 1105 lectionem:
926 1052 1049 1105 dum
1086 1058 1280 1106 ceterae
1318 1059 1583 1107 matronae
1621 1054 1922 1122 dormirent,
1961 1070 2117 1106 nemo

255 1171 365 1207 non
419 1155 600 1208 vidit.”
651 1156 843 1209 Varios
894 1173 1018 1227 ergo
1071 1162 1414 1212 tentaverunt
1458 1159 1643 1212 modos
1683 1159 2001 1212 emendandi
2039 1161 2119 1211 in-

255 1263 522 1328 terpretes.
573 1259 880 1314 Torrentius
930 1266 1099 1315 totum
1152 1265 1488 1316 enuntiatum
1537 1263 1885 1316 resecandum
1925 1267 2121 1331 censet,

255 1364 520 1419 Graevius
578 1368 775 1419 suasit:
834 1366 959 1419 dum
1009 1371 1203 1421 ceterae
1239 1372 1511 1422 matronae
1546 1368 1753 1421 domum
1789 1369 1941 1436 irent,
1981 1384 2118 1437 quae

254 1469 552 1522 emendatio
590 1470 787 1539 placuit
827 1470 1200 1541 Oudendorpio
1239 1477 1291 1526 et
1328 1473 1599 1539 Fabrici03
1634 1472 1917 1526 Ernestius
1937 1477 2120 1525 contra

253 1572 407 1642 legit:
467 1573 591 1625 clu-m
647 1579 842 1628 ceterae
896 1580 1167 1629 matronae
1206 1578 1437 1630 venirent
1476 1578 1562 1630 vel
1597 1578 1940 1646 convenirent,
1980 1593 2118 1647 quae

252 1677 539 1731 laudantur
594 1696 625 1731 a
681 1679 889 1733 Wolfio.
947 1680 1295 1734 Burmannus
1356 1698 1480 1735 vero
1537 1683 1668 1735 haec
1719 1682 1882 1736 verba
1934 1682 2119 1736 abesse

255 1783 485 1836 mavult:
551 1784 776 1851 „infarta
831 1784 897 1837 ab
957 1786 1151 1855 aliquo,
1210 1788 1305 1855 qui
1363 1787 1661 1856 verebatur,
1720 1803 1787 1841 ne
1845 1792 2116 1841 matronae

254 1892 534 1958 conspecto
573 1889 922 1959 vigilantibus
959 1891 1186 1944 dracone
1225 1891 1592 1961 diffugerent.’'

328 1994 454 2046 Sine
493 1993 671 2047 dubio·
694 1995 975 2064 vulgatum
1017 1996 1227 2050 defendi
1265 2014 1373 2049 non
1412 2001 1596 2066 potest.
1636 1997 1830 2050 Modus
1865 1998 2118 2050 coniunc-

254 2099 398 2151 tivus
434 2115 521 2152 me
559 2115 667 2151 non
709 2099 940 2169 offendit,
981 2102 1107 2169 quia
1144 2117 1252 2154 non
1292 2102 1486 2170 pendet
1523 2119 1555 2154 a
1593 2102 1733 2170 dum,
1773 2102 1866 2155 sed
1905 2102 1970 2154 ab
2003 2119 2116 2155 ora-

253 2205 398 2257 tione
442 2203 684 2273 obliqua3
725 2208 866 2258 recta
906 2209 1072 2258 esset:
1113 2205 1260 2275 Atia,
1300 2206 1424 2258 dum
1462 2210 1657 2259 ceterae
1693 2210 1962 2259 matronae
1999 2206 2116 2259 dor-

250 2308 435 2372 miunt,
485 2308 766 2361 obdormiit.
818 2308 920 2362 Sed
972 2311 1048 2362 sic
1086 2309 1273 2363 Latine
1311 2311 1416 2362 dici
1455 2326 1564 2363 non
1604 2314 1790 2379 potest,
1829 2310 2116 2363 dicendum

251 2418 388 2466 erat:
447 2417 496 2466 et
554 2414 720 2479 ipsam
766 2413 1083 2467 obdormisse.
1132 2414 1177 2466 E
1224 2415 1450 2468 lectione
1488 2430 1613 2484 ergo
1654 2415 1870 2484 vulgata
1909 2414 2116 2467 efficere

249 2535 537 2588 possumus
587 2519 769 2572 Atiam
821 2520 987 2572 solam
1025 2519 1193 2572 fuisse
1230 2520 1288 2571 in
1327 2520 1535 2589 templo.
1576 2518 1633 2572 Si
1672 2520 1813 2572 enim
1854 2523 2116 2571 matrona-

250 2640 371 2676 rum
431 2623 719 2676 multitudo
777 2624 835 2675 in
892 2624 1089 2692 templo
1146 2623 1351 2692 fuisset,
1408 2624 1553 2676 haud
1611 2622 1772 2676 dubie
1823 2623 2114 2676 Suetonius

251 2729 550 2797 scripsisset
598 2729 785 2794 positis
821 2727 1023 2795 lecticiS,
1060 2744 1184 2780 nam
1226 2729 1319 2779 vix
1358 2727 1610 2780 credibile
1648 2732 1728 2780 est
1768 2728 1964 2780 multas
2007 2745 2114 2780 ma—

251 2835 431 2884 tronas
470 2832 538 2884 ad
576 2848 785 2884 sacrum
827 2832 1083 2884 sollemne
1123 2833 1437 2884 convenisse
1476 2835 1528 2884 et
1563 2832 1619 2882 in
1659 2832 1726 2883 iis
1746 2832 1925 2884 Atiam
1948 2832 2114 2884 solam

251 2936 434 2989 lectica
491 2936 651 2988 latam
713 2952 842 2989 esse.
899 2935 1048 2988 Nihil
1105 2940 1284 2989 tamen
1342 2936 1407 2988 de
1457 2937 1714 2988 matronis
1752 2936 1860 2988 illis
1897 2940 2117 3004 constat,

252 3056 427 3109 neque
466 3040 759 3109 quidquam
797 3041 1028 3109 amplius
1068 3041 1132 3094 de
1170 3042 1236 3093 iis
1276 3044 1455 3092 narrat
1492 3042 1731 3108 scriptor.

328 3144 436 3197 Cur
483 3160 607 3213 ergo
658 3144 831 3197 media
875 3149 1030 3197 nocte
1068 3145 1126 3196 in
1167 3145 1424 3213 templum
1464 3145 1610 3196 venit
1648 3144 1813 3196 Atia?
1853 3144 1941 3196 Sic
1979 3144 2116 3196 hanc

251 3266 363 3303 rem
414 3250 546 3302 mihi
586 3249 758 3318 fingo:
800 3249 962 3303 Venit
1000 3250 1124 3302 Atia
1163 3265 1285 3301 cum
1326 3265 1516 3317 magna
1554 3252 1916 3300 matronarum
1957 3247 2114 3300 turba

253 3370 523 3407 sacrorum
580 3352 915 3422 publicorum
973 3369 1148 3420 causa,
1208 3352 1352 3421 quod
1408 3352 1676 3404 interdum
1732 3350 1848 3403 fieri
1901 3350 2114 3419 solebat,

256 3458 506 3527 quodque
557 3459 714 3510 etiam
766 3461 981 3527 apparet
1031 3474 1060 3510 e
1109 3458 1278 3526 capite
1330 3456 1414 3507 86.
1468 3455 1548 3508 De
1585 3456 1694 3508 illis
1734 3459 1910 3508 autem
1951 3457 2115 3508 sacris

254 3565 391 3614 tacet
431 3560 733 3629 Suetonius,
772 3577 878 3613 non
919 3561 1047 3613 haec
1087 3576 1234 3613 sacra
1273 3560 1404 3628 vult,
1442 3575 1565 3611 cum
1608 3559 1772 3611 dicat:
1808 3558 1880 3611 ad
1908 3575 2115 3610 sacrum
