2462 4186
1254 441 1322 491 50

345 634 518 670 servos
575 617 746 669 adhuc
802 618 1040 685 ineptum
1102 631 1219 668 esse
1279 615 1700 667 additamentum
1761 615 2086 683 glossatoris,
2126 616 2219 683 qui

350 738 566 775 monere
606 723 836 774 voluerit
876 737 932 774 se
974 721 1108 774 bene
1147 720 1444 789 intelligere
1482 736 1773 789 pronomen
1809 737 1906 787 eos,
1937 720 2101 789 idque
2122 721 2226 789 sig-

348 827 566 879 nificare
603 843 774 879 servos
812 831 935 878 aute
972 826 1443 878 manumissionem.
1485 824 1603 892 Sed,
1641 826 1744 876 iam
1788 826 1917 877 satis
1951 826 2050 877 hoc
2071 829 2227 894 patet,

348 935 399 984 et
455 949 561 983 non
623 932 800 983 solum
859 931 992 982 nihil
1051 931 1117 982 ad
1167 930 1626 998 interpretandum
1676 930 1853 981 locum
1902 929 2057 983 nobis
2098 931 2228 982 haec

348 1038 770 1105 circumscriptio
811 1036 1039 1105 prodest,
1081 1035 1173 1088 sed
1208 1036 1360 1087 etiam
1407 1034 1848 1103 significationem
1892 1034 2154 1087 obscurat.

421 1141 560 1194 Satis
618 1141 796 1193 lucida
855 1145 995 1207 sunt,
1056 1156 1194 1209 quae
1254 1143 1433 1192 narrat
1491 1143 1700 1191 auctor:
1766 1140 2046 1208 Augustus
2097 1141 2228 1192 viris

346 1228 680 1314 feminisque*
729 1245 1010 1297 ditioribus
1070 1246 1297 1313 imperat
1354 1260 1632 1296 servorum
1689 1260 1989 1308 numerum,
2029 1244 2228 1313 quibus

350 1354 519 1404 utitur
577 1352 678 1405 sub
740 1353 913 1421 priore
967 1351 1179 1417 vexi110,
1231 1351 1325 1403 sed
1364 1356 1651 1419 antequam
1694 1366 1783 1402 eos
1822 1350 1979 1402 faciat
2020 1350 2231 1423 militeS,

348 1458 498 1525 prius
538 1458 882 1524 manumittit,
921 1455 1311 1524 libertinosque
1344 1456 1532 1509 reddit.

420 1563 565 1616 Luce
608 1563 804 1615 clarius
845 1567 940 1630 est,
981 1566 1041 1614 ut
1079 1566 1226 1630 pute,
1263 1578 1370 1614 non
1411 1578 1546 1630 opus
1589 1577 1705 1614 6336
1728 1561 2103 1613 manumittere
2125 1576 2232 1628 603,

349 1670 443 1738 qui
483 1685 591 1720 non
632 1668 860 1736 amplius
900 1667 1041 1719 servi
1082 1671 1225 1734 sunt,
1267 1667 1361 1735 qui
1399 1667 1505 1717 iam
1546 1666 1662 1718 iure
1694 1664 1930 1717 libertini
1953 1666 2230 1716 nominan-

350 1779 451 1842 tur,
513 1789 611 1826 nec
664 1773 833 1842 magis
885 1773 1229 1841 perspicuum
1282 1775 1377 1834 est,
1433 1787 1540 1839 quo
1582 1770 1736 1822 modo
1776 1770 2061 1838 Augustus
2103 1769 2230 1820 viris

347 1880 672 1947 feminisque
730 1879 980 1945 indicere,
1037 1879 1068 1928 i.
1112 1894 1185 1930 e.:
1245 1878 1505 1951 imperare
1558 1877 1729 1929 edicto
1770 1876 2002 1944 potuerit
2043 1891 2231 1926 manu-

349 1987 542 2038 missos
582 1986 940 2038 libertinosve.
982 1984 1045 2036 In
1087 1984 1364 2036 vocabulis
1403 2000 1585 2050 eosque
1617 1983 1840 2034 iudietos
1871 1998 1932 2033 ac
1951 1981 2065 2033 siue
2083 1996 2233 2032 mora

348 2092 694 2144 manumissos
745 2093 925 2143 omnia
965 2091 1208 2159 legimuS,
1249 2090 1447 2158 quibus
1490 2105 1626 2158 opus
1666 2092 1746 2141 est
1785 2087 1850 2139 ad
1888 2086 2065 2138 locum
2109 2101 2231 2137 nos-

348 2203 492 2251 trum
533 2198 670 2250 bene
708 2196 1137 2266 intelligendum,
1179 2212 1287 2264 qua
1327 2196 1391 2247 de
1431 2211 1593 2246 causa
1634 2194 1798 2245 miror
1834 2194 1889 2243 in
1931 2191 2232 2243 recentissi-

353 2305 452 2356 mis
490 2318 706 2372 quoque
747 2301 1074 2354 editionibus
1114 2301 1290 2376 adbuc
1328 2301 1557 2352 inveniri
1601 2298 1762 2351 verba
1800 2298 1971 2348 citata.

427 2407 554 2460 Sine
614 2407 777 2459 dubio
830 2424 955 2476 ergo
1008 2422 1177 2458 servos
1213 2405 1401 2473 adhuc,
1441 2411 1711 2473 tamquam
1756 2402 2017 2455 emblema
2056 2401 2233 2452 delen-

354 2514 482 2566 dum
526 2517 620 2566 est.

657 2727 782 2798 Cap.
844 2730 928 2781 32.
1001 2726 1236 2781 Tabulas
1297 2732 1520 2779 veterum
1575 2725 1752 2778 aerari
1807 2725 2106 2791 debitorum,
2157 2722 2236 2776 vel

722 2835 1062 2900 praeeipuam
1120 2832 1485 2886 calumniandi
1534 2831 1823 2899 materiam,
1861 2829 2056 2883 exussit
2068 2846 2086 2894 ,·
2109 2869 2119 2880 .
2145 2870 2155 2881 .
2181 2866 2194 2880 .
2219 2867 2231 2879 .

727 2939 1104 2992 diuturnorum
1143 2954 1351 2990 reorum
1390 2941 1438 2990 et
1475 2954 1539 2990 ea:
1577 2952 1801 3006 quorum
1840 2934 2082 2988 sordibus
2100 2932 2237 2985 nihil

724 3043 876 3096 aliud
912 3060 1071 3114 quam
1109 3043 1347 3108 voluptas
1380 3043 1608 3094 inimicis
1647 3046 1992 3111 quaereretur
2013 3039 2231 3092 uomina

728 3149 957 3217 abolevit,
1016 3149 1310 3202 cmzdicioue
1358 3148 1646 3217 proposita,
1703 3151 1766 3200 ut
1821 3147 1869 3198 si
1918 3162 2069 3215 quem
2119 3144 2236 3211 quis

725 3259 952 3321 repetere
989 3254 1149 3322 vellet,
1183 3271 1291 3323 par
1321 3253 1617 3319 periculum
1648 3268 1846 3318 poenae
1883 3250 2091 3303 subiret.

430 3451 571 3515 Quid
610 3456 690 3505 est
728 3451 1014 3504 diuturnus
1051 3449 1217 3503 reus?
1257 3450 1377 3502 Non
1422 3466 1619 3519 quaero
1662 3466 1768 3518 quo
1803 3448 1960 3501 modo
1994 3448 2232 3500 hocloco

356 3557 518 3609 verba
557 3559 717 3609 citata
757 3557 1075 3624 explicanda
1116 3557 1238 3623 sint,
1277 3572 1399 3607 nam
1442 3556 1569 3607 haec
1609 3560 1735 3606 sunt
1757 3554 2041 3622 perlucida.
2063 3552 2240 3605 Nimi-
