2462 4186
1224 428 1291 477 14

329 607 594 672 audacior,
631 607 686 656 in
729 620 785 656 re
825 605 973 665 seria,
1013 604 1269 671 scriptum
1311 603 1395 654 vel
1438 602 1817 655 documentum
1853 603 2067 672 aliquod
2106 619 2200 672 pu-

331 712 524 762 blicum
587 714 639 761 et
695 709 967 774 sollemne,
1026 708 1237 758 iocandi
1289 723 1463 774 causa,
1517 708 1594 759 sic
1633 708 1939 775 signaverit,
1978 709 2205 776 eiusque

328 817 479 867 iocus
539 831 629 883 per
687 818 849 865 totam
913 811 1098 864 urbem
1161 813 1408 880 cognitus
1466 811 1638 864 factus
1699 814 1768 864 sit
1827 817 1879 864 et
1917 812 2007 864 tali
2050 811 2205 864 modo

332 920 615 972 memoriae
674 918 915 970 traditus.
977 917 1318 985 Accipiamus
1376 932 1500 985 ergo
1559 915 1740 985 Lipsii,
1778 917 2039 969 Torrentii
2078 916 2205 968 alio-

328 1041 559 1093 rumque
596 1025 1018 1076 emendationem
1061 1027 1113 1074 et
1151 1023 1420 1091 legamus:
1462 1038 1578 1073 eum
1611 1022 1742 1091 quid
1772 1021 2003 1074 testandi
2031 1021 2209 1088 qratia

329 1131 615 1198 siynarent,
669 1146 765 1194 per
821 1129 986 1180 iocum
1043 1144 1152 1180 non
1215 1126 1439 1180 Caesare
1495 1132 1544 1179 et
1598 1127 1807 1197 Bibule,
1860 1128 1951 1180 sed
1987 1128 2126 1180 Iulio
2163 1133 2210 1181 et

337 1237 555 1288 Caesare
592 1241 764 1287 aetum
801 1235 1066 1287 seiberent.

406 1341 470 1392 In
511 1342 694 1394 eodem
737 1342 922 1409 capite,
964 1340 1240 1391 nonnullis
1284 1338 1527 1391 versibus
1568 1338 1810 1404 inferiuS,
1848 1339 2104 1407 legimus:

637 1564 814 1613 Cetera
869 1562 1007 1628 item,
1062 1576 1195 1629 quae
1246 1559 1432 1628 cuique
1484 1558 1765 1625 libuissent,
1805 1556 2087 1626 dilaryitus
2125 1561 2213 1621 est,

707 1666 1092 1718 contradicente
1151 1664 1312 1733 null0,
1365 1682 1442 1732 ae,
1493 1665 1540 1716 si
1595 1667 1873 1716 conaretur
1929 1661 2062 1732 quiS,
2099 1662 2214 1736 abs-

710 1772 907 1824 territo,

413 1972 592 2024 Primo
651 1972 766 2023 loco
827 1971 1118 2023 notandum
1179 1975 1259 2023 est
1316 1970 1538 2022 verbum
1592 1968 1863 2021 libuissent
1901 1985 2062 2038 prave
2098 1985 2215 2023 esse

340 2078 608 2129 traditum.
649 2076 836 2128 Latine
876 2078 953 2128 sic
993 2076 1096 2127 dici
1131 2092 1238 2127 non
1279 2079 1464 2144 potest.
1513 2074 1661 2141 „Hae
1698 2091 1783 2127 res
1817 2075 1948 2126 mihi
1980 2073 2214 2140 libent’';

345 2182 571 2250 „Omnia
625 2198 761 2251 quae
813 2183 943 2233 mihi
988 2180 1189 2234 libent''
1230 2198 1291 2233 ac
1331 2181 1463 2233 tales
1503 2181 1800 2233 locutiones
1842 2197 2017 2249 neque
2056 2197 2218 2234 aurea

340 2287 638 2354 Latinitate,
693 2303 869 2356 neque
914 2291 1165 2356 argentea
1204 2288 1571 2339 inveniuntur.
1613 2285 1931 2338 Mutandum
1973 2302 2099 2355 ergo
2140 2290 2219 2338 est

342 2393 564 2445 verbum
637 2394 693 2443 in
753 2408 1036 2443 numerum
1097 2391 1420 2458 singularem
1482 2407 1542 2442 ac
1599 2391 1913 2459 legendum:
1974 2390 2218 2442 libuisset.

344 2499 519 2549 Aliam
581 2513 797 2565 quoque
849 2496 914 2548 ob
968 2512 1184 2548 causam
1240 2498 1313 2548 ita
1352 2497 1637 2566 legendum
1678 2512 1883 2548 censeo.
1924 2496 2036 2547 Vix
2075 2498 2217 2549 enim

344 2604 487 2656 credi
521 2607 747 2672 possunt
787 2619 862 2669 ea,
903 2619 1040 2671 quae
1079 2602 1233 2655 nobis
1277 2608 1456 2655 narrat
1494 2602 1797 2655 Suetonius,
1833 2602 2024 2655 Caesar
2057 2603 2218 2654 dilar-

344 2710 446 2777 giri
500 2708 701 2760 solebat
753 2708 969 2775 cuique,
1009 2723 1084 2775 ea,
1125 2723 1262 2776 quae
1300 2707 1403 2759 sibi
1443 2708 1686 2776 elegerat,
1728 2724 1862 2776 quas
1903 2707 2219 2775 optaverat?

346 2814 449 2866 Sed
501 2814 546 2865 si
586 2829 769 2865 revera
807 2813 882 2864 ita
919 2812 1146 2864 faciebat
1187 2811 1392 2879 Caesar,
1430 2812 1579 2864 nulla
1621 2812 1866 2864 exstabat
1906 2828 2082 2879 causa,
2123 2828 2222 2864 cur

346 2919 541 2987 aliquis
582 2921 765 2986 postea
802 2917 1199 2969 contradiceret.
1242 2915 1441 2969 Omnes
1484 2919 1624 2969 enim
1669 2918 1813 2970 cives
1847 2919 2083 2969 contenti
2105 2932 2222 2970 esse

345 3022 619 3074 debebant.
662 3020 853 3073 Caesar
892 3023 1086 3088 omnia,
1126 3022 1158 3072 i.
1194 3037 1266 3072 e.:
1310 3037 1546 3087 munera,
1590 3021 1834 3087 honoreS,
1869 3022 2103 3090 praemia
2124 3025 2222 3073 etc.

348 3126 617 3178 dividebat
669 3126 735 3177 ad
787 3125 1086 3192 arbitrium,
1134 3142 1256 3177 cum
1301 3141 1457 3177 nemo
1499 3125 1859 3177 contradicere
1898 3125 2132 3191 auderet,
2169 3129 2221 3177 et

349 3232 395 3282 si
434 3230 568 3281 forte
608 3229 827 3280 auderet
867 3229 1001 3296 quiS,
1040 3228 1103 3279 ab
1143 3230 1458 3296 imperatore
1498 3233 1714 3280 coactus
1754 3233 1833 3281 est
1873 3233 2060 3281 tacere.
2099 3227 2221 3280 Non

351 3336 630 3403 dilargitus
671 3338 750 3386 est
791 3349 927 3401 quae
963 3333 1211 3385 libuisset
1244 3333 1350 3398 alii,
1381 3334 1474 3385 sed
1510 3333 1626 3400 sibi,
1661 3332 1884 3385 Caesari.
1921 3333 1983 3384 Id
2006 3333 2220 3402 quidem

352 3446 431 3492 est
490 3439 779 3504 monarchi,
835 3439 888 3490 id
948 3440 1294 3507 imperator-is.
1359 3437 1492 3490 Cum
1547 3443 1724 3489 autem
1783 3439 2037 3505 legimus:
2093 3453 2226 3506 quae

351 3545 530 3611 cuique
570 3543 813 3611 libuisset,
857 3560 959 3594 non
1002 3544 1232 3611 amplius
1273 3543 1460 3608 cuique
1499 3543 1692 3610 pendet
1731 3559 1762 3593 a
1802 3542 1961 3594 verbo
1982 3541 2225 3607 libuisset,
