2462 4186
1162 480 1231 527 25

257 648 312 699 in
369 649 712 701 Britanniam
763 652 1065 718 transvescit,
1116 651 1218 703 nisi
1266 656 1623 717 perscrutatus
1669 656 1717 703 et
1755 653 2134 720 naviyationem

261 757 308 804 et
346 769 601 805 accessum
639 754 713 806 ad
749 754 992 806 insulam.

559 918 678 983 Cap.
722 919 805 969 67.
847 918 952 971 Nec
989 919 1173 971 milites
1211 936 1293 971 eos
1323 937 1425 988 pro
1463 920 1708 986 contione,
1741 921 1830 972 sed
1863 921 2132 973 blandiore

627 1023 834 1074 nomine
891 1022 1255 1074 commilitones
1310 1023 1618 1092 appellabat,
1672 1023 1985 1093 habebatque
2028 1031 2136 1076 tam

627 1125 786 1178 cultos
841 1131 901 1178 ut
954 1132 1168 1194 arqento
1217 1132 1262 1178 et
1312 1144 1446 1179 auro
1478 1127 1656 1192 politis
1695 1129 1859 1179 armis
1901 1133 2138 1195 ornaret,

631 1230 788 1282 simul
845 1234 893 1282 et
943 1231 1015 1283 acl
1065 1231 1278 1296 speciem
1316 1235 1364 1283 et
1402 1248 1501 1300 quo
1541 1234 1823 1283 tenaciores
1862 1248 2038 1283 eorum
2077 1232 2137 1282 in

619 1333 817 1402 proelio
858 1339 1042 1402 essent,
1080 1339 1218 1387 metu
1257 1335 1456 1387 damni.

334 1478 398 1529 In
461 1479 662 1531 ultimis
724 1480 884 1532 huius
944 1482 1236 1532 sententiae
1291 1480 1464 1532 verbis
1519 1497 1709 1533 rursus
1746 1479 2036 1532 incidimus
2076 1482 2131 1531 in

265 1582 520 1634 vocabula
590 1599 934 1652 supervacua.
1000 1583 1276 1635 Emblema
1334 1600 1450 1636 esse
1508 1585 1649 1635 enim
1710 1584 1952 1651 suspicor
2008 1584 2137 1635 haec

266 1690 402 1738 metu
452 1687 647 1738 damni.
699 1687 901 1740 Sensus
954 1688 1260 1756 perlucidus
1301 1693 1409 1742 est:
1452 1687 1643 1741 Caesar
1684 1688 1877 1740 milites
1918 1687 2139 1739 ornabat

268 1792 430 1842 armis
468 1792 721 1859 preciosis
761 1796 820 1843 ut
858 1795 913 1843 in
955 1792 1152 1861 proelio
1191 1793 1562 1861 prudentiores
1597 1797 1789 1860 essent,
1823 1807 1920 1844 nec
1942 1797 2139 1844 temere

265 1911 411 1946 arma
450 1911 548 1947 sua
586 1894 886 1948 abiicerent.
928 1895 1015 1948 Sic
1054 1913 1270 1965 quoque
1307 1897 1580 1949 intellexit
1617 1897 1716 1948 hoc
1752 1895 1990 1948 Caesaris
2013 1912 2140 1947 con-

266 2001 444 2053 silium
485 2001 806 2078 Polyaenus,
846 2003 954 2070 qui,
993 2002 1216 2055 fortasse
1255 2018 1324 2055 ex
1364 2003 1548 2055 eodem
1588 2002 1734 2054 fonte
1773 2002 2041 2068 haurienS,
2064 2002 2142 2052 sic

267 2111 447 2158 narrat
504 2105 632 2172 (Lib.
692 2106 839 2158 VIII.
900 2123 944 2158 c.
1006 2109 1076 2158 23
1136 2108 1167 2174 ξ
1209 2109 1325 2173 28);
1392 2111 1616 2174 »Καῖσαρ
1670 2111 1771 2163 τοῖς
1823 2103 2141 2170 στρατιώταις

238 2208 610 2274 ·παρήγγειλεν,
653 2207 786 2262 ὅπλα
824 2208 956 2274 ἔχειν
994 2209 1181 2276 ἀργύρῳ
1215 2210 1299 2262 καὶ
1332 2212 1498 2276 χρυσῷ
1518 2209 1888 2273 πεποικιλμένοι,
1911 2207 2141 2272 μαλιστα

269 2313 359 2376 μὲν
419 2312 602 2377 κόσμου
659 2312 821 2379 χάριν·
884 2315 979 2378 οὐχ
1031 2311 1209 2374 ἥκιστα
1262 2314 1328 2373 δὲ,
1371 2311 1498 2373 ὅπως
1537 2314 1622 2366 καὶ
1664 2313 1703 2366 οἱ
1742 2315 2034 2379 στρατιῶται
2073 2311 2140 2363 τα

268 2416 522 2481 πολύτιμα
560 2417 903 2484 περιμαχηται
943 2418 1190 2482 ἡγοῖντο.”
1230 2401 1544 2472 De'damno
1585 2419 1718 2470 nihil
1758 2419 1884 2470 dicit
1918 2418 2141 2484 Polyae-

268 2538 387 2574 nus.
444 2522 723 2576 Praeterea
774 2524 992 2576 offendit
1033 2539 1116 2576 me
1153 2524 1321 2591 locuS,
1360 2540 1520 2592 quem
1559 2526 1615 2576 in
1658 2525 1918 2577 sententia
1959 2527 2141 2574 nostra

270 2627 510 2680 obtinent
565 2628 825 2680 vocabula
882 2630 1054 2681 citata.
1107 2627 1383 2697 Languide
1435 2645 1582 2681 nunc
1621 2628 1806 2681 defluit
1845 2629 2134 2692 sententia3

272 2735 387 2786 sine
445 2732 607 2785 dubio
659 2735 1007 2802 praestitisset
1061 2733 1319 2786 scribere:
1373 2738 1420 2785 et
1457 2750 1558 2803 qno
1595 2738 1732 2785 metu
1770 2733 1954 2785 damni
1995 2737 2140 2785 tena-

269 2838 428 2890 ciores
482 2853 657 2890 eorum
712 2837 767 2889 in
814 2837 1012 2906 proelio
1068 2841 1250 2891 essent.
1314 2838 1417 2890 Sed
1470 2854 1577 2889 non
1619 2842 1745 2901 sunt
1786 2837 2043 2888 vocabula
2082 2853 2143 2889 ea

273 2941 529 3004 Suetonii,
570 2946 696 2994 sunt
734 2943 1006 2994 annotatio
1044 2943 1109 2994 ad
1143 2943 1463 2995 adiectivum
1498 2942 1736 2994 tenacior.
1757 2942 1939 2994 Tenax
1960 2957 2140 2993 rerum

274 3062 491 3097 suarum
531 3050 609 3097 est
655 3046 982 3113 quicumque
1021 3061 1089 3097 ne
1128 3061 1216 3097 eas
1257 3047 1465 3097 amittat
1504 3051 1729 3097 veretur.
1771 3045 1923 3097 Miles
1964 3048 2140 3096 autem

274 3153 436 3200 tenax
475 3165 741 3200 armorum
786 3165 1004 3200 suorum
1047 3150 1237 3201 melius
1277 3148 1552 3218 pugnabit,
1592 3149 1784 3200 fortius
1818 3164 1874 3200 se
1898 3148 2142 3200 defendet

264 3269 435 3322 ‚quam
473 3254 534 3319 is,
577 3253 669 3320 qui
709 3269 853 3304 arma
894 3269 993 3304 sua
1030 3253 1183 3304 nihili
1222 3252 1362 3304 facit.
1404 3251 1556 3305 Miles
1600 3256 1762 3304 tenax
1805 3253 1972 3320 magis
1996 3250 2142 3303 dabit

275 3371 485 3424 operam
543 3371 612 3407 ne
666 3355 801 3408 forte
859 3357 1035 3408 hostes
1093 3357 1253 3407 armis
1305 3358 1485 3424 ipsum
1539 3356 1779 3424 spolient.
1830 3354 1976 3406 Haec
2034 3356 2139 3406 iam

278 3460 455 3511 omnia
491 3461 679 3511 insunt
713 3461 770 3511 in
807 3460 1065 3513 adiectivo
1105 3461 1349 3528 tenacior,
1390 3465 1551 3529 atque
1589 3461 1707 3513 ideo
1747 3461 1983 3512 deleatur
2023 3476 2137 3512 em-

279 3562 453 3615 blema
490 3567 626 3615 metu
662 3563 856 3616 damni.
