2462 4186
1175 468 1244 519 65

273 656 404 707 esse,
457 657 613 694 nemo
655 646 750 705 est,
791 643 883 711 qui
922 658 1029 694 non
1068 643 1263 695 sentiat
1295 646 1346 694 et
1385 643 1545 695 variis
1589 643 1762 695 modis
1785 646 2139 710 ¹tentaverunt

270 745 584 814 interpretes
618 747 883 816 explicare
917 747 1232 800 sententiam
1266 747 1522 799 insanam.
1551 746 1669 815 Sed,
1691 751 1749 799 ut
1770 752 1910 800 recte
1931 749 2141 800 monuit

269 848 552 903 Polakius:
612 849 794 917 „Quae
835 855 1037 904 veteres
1077 851 1247 902 critici
1285 851 1351 902 ad
1392 850 1567 902 locum
1611 851 1907 903 sanandum
1950 852 2141 904 attule-

268 958 411 1022 runt,
462 954 573 1008 fere
610 952 792 1020 ἄρρητοι
831 953 1066 1018 ἀμείνω.”
1105 954 1218 1007 Nec
1257 959 1434 1007 tamen
1474 958 1622 1006 tanta
1661 955 1901 1007 doctrina
1939 956 2006 1007 ad
2046 971 2140 1008 ex-

269 1058 593 1127 plicandum,
633 1075 732 1112 nec
768 1061 917 1128 gravi
959 1060 1252 1112 mutatione
1291 1059 1357 1111 ad
1391 1059 1566 1111 locum
1590 1059 1981 1112 emendandum
2003 1077 2139 1130 opus

268 1179 385 1216 esse
423 1163 597 1217 lucide
635 1164 1016 1217 demonstravit
1055 1165 1137 1216 vir
1174 1164 1519 1216 clarissimus.
1560 1163 1708 1217 Haec
1746 1167 1887 1217 enim
1923 1165 2135 1218 scribit:

347 1267 501 1335 „Duo
558 1272 932 1338 proponuntur
990 1270 1346 1321 continentiae
1403 1269 1639 1338 Augusti
1693 1270 1952 1339 exempla,
1992 1270 2136 1339 quod

267 1349 372 1425 nec
423 1372 731 1426 cubiculum
791 1390 885 1443 pro
945 1375 1072 1426 anni
1127 1378 1364 1442 tempore
1423 1375 1723 1441 mutaverit,
1783 1390 1879 1427 nec
1932 1375 2136 1443 urbem,

267 1479 515 1546 quamvis
579 1479 753 1531 hieme
810 1477 911 1531 sibi
967 1479 1259 1546 molestam,
1318 1478 1491 1530 hieme
1550 1478 1804 1547 effugerit.
1864 1478 1950 1531 Sic
2010 1495 2134 1548 ergo

267 1582 549 1651 legendum
608 1586 714 1635 est:
776 1581 855 1634 Ae
904 1599 1000 1647 per
1056 1598 1227 1634 anuos
1281 1581 1508 1650 amplius
1558 1582 1917 1651 quadraginta
1967 1583 2134 1636 eodem

266 1686 492 1739 eubiculo
541 1686 702 1739 hieme
741 1691 790 1739 et
826 1690 1017 1739 aestate
1053 1686 1247 1738 mansit
1284 1690 1331 1738 et
1369 1687 1608 1756 quamvis
1636 1704 1839 1755 parum
1877 1687 2135 1740 salubrem

265 1791 550 1844 valitudini
605 1809 731 1844 suae
786 1791 962 1844 urbem
1018 1791 1178 1844 hieme
1236 1792 1573 1860 experiretur,
1629 1792 1838 1845 assidue
1898 1793 1958 1844 iu
2008 1792 2136 1845 urbe

263 1895 522 1949 hiemavit.
591 1895 1021 1966 Corruptelarum
1082 1898 1214 1949 ratio
1271 1898 1327 1947 in
1387 1900 1636 1965 promptu
1697 1901 1790 1950 est.
1848 1897 2136 1951 Exciderat

263 2001 452 2069 copula
491 2005 611 2070 post
647 2002 872 2068 mausit3
913 2006 974 2053 ut
1013 2001 1307 2068 asyndeton
1349 2003 1650 2069 evitaretur,
1689 2003 1827 2054 male
1866 2003 2129 2055 adiectum

261 2121 360 2174 que
415 2108 534 2173 post
589 2105 811 2173 assidue,
867 2110 919 2158 et
968 2137 1041 2144 ——
1091 2106 1194 2157 loci
1247 2107 1507 2158 sententia
1558 2107 1635 2158 sic
1682 2106 1845 2158 semel
1884 2122 2132 2175 perverse

262 2210 527 2263 intellecta
566 2242 633 2247 —
670 2210 859 2262 ultima
890 2211 1095 2277 syllaba
1117 2210 1259 2263 verbi
1287 2210 1531 2283 hiemavit
1550 2212 1711 2263 simul
1734 2216 1981 2280 corrupta
2002 2211 2131 2264 est.''

336 2312 462 2365 Sine
521 2313 684 2365 dubio
744 2314 1012 2366 meliorem
1072 2316 1149 2366 sic
1200 2314 1414 2383 praebet
1467 2330 1685 2367 sensum
1731 2316 1881 2367 locus
1936 2320 2136 2384 noster,

262 2422 493 2471 attamen
547 2420 705 2471 etiam
748 2435 891 2471 nunc
932 2419 1134 2488 aliquid
1174 2424 1350 2487 restat,
1390 2420 1533 2488 quod
1573 2436 1657 2472 me
1698 2420 1940 2473 offendat.
1983 2419 2131 2482 Quae

262 2524 438 2574 statim
490 2527 816 2591 sequuntur:
874 2539 1028 2592 aeyer
1065 2527 1238 2575 autem
1276 2523 1329 2574 iu
1368 2523 1513 2576 domo
1551 2522 1878 2576 Maecenatis
1914 2522 2131 2575 cubabat

260 2629 516 2697 coniungi
565 2644 672 2680 non
723 2633 949 2697 possunt
999 2645 1120 2680 cum
1167 2644 1244 2697 ec,
1286 2629 1428 2697 quod
1469 2628 1624 2681 modo
1664 2630 1900 2681 narravit
1941 2629 2128 2681 Sueto-

258 2735 395 2785 nius,
438 2732 619 2795 Quid?
658 2733 739 2786 Ne
776 2750 932 2802 aeger
969 2734 1183 2802 quidem
1224 2734 1410 2786 urbem
1450 2734 1751 2802 relinquere
1794 2734 1908 2786 vult
1941 2751 2123 2803 quam-

258 2838 339 2889 vis
385 2854 577 2903 parum
625 2838 885 2890 salubrem
921 2837 1202 2890 valitudini
1237 2854 1362 2890 suae
1398 2837 1561 2890 hieme
1599 2838 1922 2903 emperiretur
1936 2837 1964 2889 ‚9
2005 2837 2138 2906 Cur,

262 2956 474 3008 quaeSO,
514 2941 750 3009 domum,
782 2941 1202 3009 cubiculumque
1235 2946 1514 3009 aegrotans
1549 2945 1790 3008 mutaret,
1812 2958 1932 2994 cum
1958 2942 2128 2994 morbi

262 3060 422 3097 causa
461 3049 601 3097 esset
640 3044 769 3097 urbs
810 3044 1022 3113 Romae,
1063 3061 1131 3097 ex
1172 3062 1278 3114 qua
1318 3045 1495 3114 egredi
1535 3061 1643 3097 non
1683 3046 1840 3098 vult?
1863 3045 1919 3098 Si
1943 3062 2127 3098 verum

261 3154 341 3201 est
381 3166 569 3218 parum
611 3148 874 3202 salubrem
917 3149 1202 3201 valitudini
1241 3151 1357 3201 eius
1396 3149 1568 3201 hieme
1605 3149 1772 3201 fuisse
1812 3149 2015 3217 urbem,
2049 3152 2131 3201 ni-

261 3255 471 3321 mirum,
529 3269 684 3322 aeger
740 3270 861 3305 cum
921 3258 1075 3321 esset,
1130 3255 1235 3305 non
1290 3254 1461 3306 solum
1509 3254 1722 3322 reliquit
1762 3254 1996 3322 domum,
2036 3255 2128 3306 sed

260 3359 418 3410 etiam
474 3358 673 3409 urbem.
714 3357 758 3408 Ε
799 3357 976 3410 verbis
1014 3359 1187 3409 citatis
1230 3357 1438 3410 efficere
1476 3374 1764 3426 possumus
1805 3375 1910 3410 non
1957 3359 2128 3411 urbem

264 3465 311 3515 ei
351 3464 698 3531 perniciosam
741 3478 872 3528 esse,
909 3463 1001 3515 sed
1041 3462 1350 3514 cubiculum
1392 3463 1447 3513 in
1490 3479 1596 3530 quo
1637 3462 1880 3514 cubabat.
1921 3462 2037 3524 Qua
2060 3464 2124 3515 de
2167 3514 2172 3517 ,

259 3584 420 3619 causa
460 3567 634 3619 adhuc
680 3566 835 3618 credo
876 3570 1084 3618 textum
1123 3566 1377 3618 traditum
1418 3570 1537 3634 post
1575 3565 1854 3617 Polakium
1896 3567 1951 3617 in
1992 3568 2126 3619 inte-

1936 3657 1963 3695 5
